1601 2697
69 198 196 244 xxx]
552 222 556 227 .
624 195 776 229 LIBER.
1289 187 1341 228 15

72 303 130 345 Vt
159 302 322 344 albulus
353 301 569 343 columbus
600 303 671 341 aut
699 298 928 340 Adoneus?

72 358 256 401 Cinaede
286 357 481 409 Romule,
512 355 616 397 haec
645 355 805 396 videbis
837 357 878 395 et
905 351 1041 394 feres?

69 414 129 455 Es
158 413 379 467 inpudicus
410 415 452 452 et
480 425 608 452 vorax
637 413 679 451 et
707 411 811 451 aleo.
1301 413 1343 445 10

70 469 190 510 Eone
219 468 410 519 nomine,
442 467 670 520 imperator
698 466 837 518 unice,

71 524 206 565 Fuisti
236 523 281 564 in
310 523 459 563 ultima
489 521 717 562 occidentis
748 520 906 573 insula,

70 579 131 619 Vt
158 579 239 619 ista
266 580 409 619 vostra
437 577 627 618 defututa
656 576 845 616 Mentula

70 633 300 675 Ducenties
331 634 536 673 comesset
566 633 637 672 aut
666 629 918 674 trecenties?

73 688 182 737 Quid
213 691 276 729 est
306 688 390 728 alid
420 687 590 728 sinistra
620 685 878 730 liberalitas?
1303 691 1342 722 15

72 744 226 785 Parum
257 743 490 797 expatravit
519 757 573 782 an
602 756 749 795 parum
780 742 941 782 eluatus
970 739 1064 781 est?

72 799 252 840 Paterna
280 799 416 852 prima
443 798 656 838 lancinata
686 798 784 837 sunt
812 797 941 837 bona:

75 854 265 896 Secunda
292 853 447 907 praeda
475 853 671 894 Pontica:
702 852 800 893 inde
829 852 954 892 tertia

73 910 248 962 Hibera,
281 923 404 963 quam
435 909 515 949 scit
544 908 679 948 amnis
710 907 864 948 aurifer
892 906 1045 960 Tagus.

75 965 296 1006 Timentne
328 964 488 1005 Galliae
518 963 650 1015 1111110,
680 963 832 1003 timent
861 959 1134 1003 Britanniae?
1302 967 1346 998 20

76 1020 185 1068 Quid
214 1020 327 1060 hune
355 1019 512 1060 malum
541 1018 721 1059 fovetis?
766 1020 837 1058 aut
867 1017 966 1071 quid
995 1016 1064 1057 hio
1093 1017 1251 1069 potest,

74 1075 171 1117 Nisi
199 1078 328 1116 uncta
358 1075 554 1115 devorare
584 1072 863 1127 patrimonia?

75 1130 195 1171 Eone
225 1130 396 1171 nomine
425 1129 559 1181 urbis,
592 1143 616 1169 o
646 1128 876 1182 potissimei

78 1185 204 1228 Socer
232 1199 462 1240 generque,
492 1183 732 1238 perdidistis
763 1182 931 1224 omnia?

634 1369 782 1416 XXX.

78 1463 231 1504 Alfene
259 1463 467 1504 inmemor
497 1464 621 1515 atque
650 1461 860 1501 unanimis
890 1460 996 1501 false
1026 1460 1258 1513 sodalibus,

77 1518 168 1560 Iam
197 1521 239 1559 te
267 1519 330 1559 nil
358 1519 545 1570 miseret,
577 1517 696 1569 dure,
726 1516 789 1556 tui
820 1516 952 1556 dulcis
984 1515 1181 1556 amiculi?

79 1607 168 1648 Iam
188 1621 255 1648 me
276 1606 471 1660 prodere,
502 1606 587 1646 iam
617 1619 704 1646 non
735 1604 898 1645 dubitas
919 1604 1083 1656 fallere,
1114 1603 1298 1657 perfide?

78 1661 171 1704 Neo
185 1662 296 1703 faeta
311 1662 427 1716 inpia
443 1661 640 1702 fallacum
655 1660 874 1701 hominum
890 1659 1098 1701 caelicolis
1116 1659 1302 1713 placent:

81 1750 202 1799 Quod
221 1752 267 1791 tu
296 1750 488 1805 neglegis
497 1782 508 1802 ,
539 1764 586 1790 ae
615 1763 682 1790 me
705 1749 903 1790 miserum
925 1748 1079 1789 deseris
1102 1748 1147 1787 in
1166 1747 1298 1787 malis.
1328 1754 1349 1786 5

79 1806 201 1848 Eheu
239 1805 337 1860 quid
371 1805 548 1858 faciant,
588 1805 673 1858 dic,
706 1804 919 1857 homines,
962 1803 1078 1844 cuive
1114 1802 1297 1843 habeant

938 1859 1062 1899 fidem
1072 1857 1093 1898 ἱ)

983 1925 997 1940 0

82 1949 206 1992 Certe
235 1951 323 1990 tute
354 1949 526 1990 iubebas
558 1949 741 1990 animam
770 1947 953 2000 tradere,
984 1947 1144 2000 inique,
1175 1960 1241 1987 me

81 2004 290 2046 Inducens
310 2005 355 2046 in
376 2018 580 2057 amorem,
612 2005 731 2058 quasi
759 2006 852 2044 tuta
881 2003 1023 2044 omnia
1051 2003 1110 2042 mi
1130 2002 1282 2044 forent.

83 2093 199 2135 Idem
219 2107 332 2135 nuno
351 2092 529 2134 retrahis
549 2095 591 2133 te
623 2107 670 2133 ao
699 2095 772 2133 tua
802 2092 913 2133 dicta
942 2091 1084 2132 omnia
1107 2090 1298 2143 factaque

82 2148 244 2190 Ventos
275 2149 402 2189 inrita
430 2148 538 2190 ferre
570 2162 617 2190 ao
645 2148 820 2189 nebulas
851 2147 982 2188 aerias
1014 2146 1130 2187 sinis.
1313 2153 1354 2184 10

85 2237 130 2279 Si
149 2239 196 2278 tu
217 2237 372 2278 oblitus
394 2251 456 2290 es,
489 2239 532 2277 at
553 2237 594 2278 di
614 2237 916 2288 meminerunt,
938 2235 1130 2276 meminit
1148 2233 1291 2287 Fides,

86 2291 200 2341 Quae
229 2295 271 2334 te
301 2295 347 2333 ut
375 2293 587 2347 paeniteat
615 2291 838 2346 postmodo
869 2291 970 2332 facti
999 2290 1127 2331 faciet
1154 2289 1226 2330 tui.
