1601 2697
87 189 300 241 xxxma]
635 186 788 221 LIBER.

199 294 370 335 Amicos
400 292 663 346 medicosque
694 293 942 334 convocate:

197 349 298 391 Non
328 351 390 389 est
420 362 522 389 sana
549 348 700 401 puella.
741 361 818 388 nec
847 349 1016 402 rogate,

198 403 342 453 Qualis
374 404 447 444 sit:
479 403 588 444 solet
618 417 708 443 esse
737 403 986 457 imaginosa.

597 542 838 589 XXXXH.

197 625 376 678 Adeste,
406 623 768 676 hendecasyllabi,
797 625 901 676 quot
931 623 1030 664 estis

199 680 356 722 Omnes
385 679 587 732 undique,
619 680 824 732 quotquot
855 679 954 719 estis
986 691 1143 720 omnes.

196 735 343 777 Iocum
372 749 438 776 me
468 736 590 788 putat
619 748 708 774 esse
739 733 913 774 moecha
941 734 1077 788 turpis

196 791 255 832 Et
283 792 412 845 negat
439 789 544 830 mihi
572 791 718 830 nostra
746 788 1001 830 reddituram

197 846 447 901 Pugillaria,
478 845 513 885 si
542 845 631 898 pat-i
659 844 848 898 potestis.

196 901 499 955 Persequamur
529 914 638 953 eam,
670 902 711 940 et
741 900 1036 954 reflagitemus.

198 956 312 1005 Quae
344 957 416 1009 sit,
448 956 659 1009 quaeritis.
698 955 790 1008 illa,
821 969 945 1009 quam
975 955 1126 996 videtis

198 1011 337 1065 Turpe
366 1011 579 1063 incedere,
609 1011 776 1051 mimice
807 1025 854 1051 ac
883 1011 1059 1051 moleste

197 1066 421 1107 Ridentem
452 1043 579 1107 catuli
608 1080 677 1106 ore
709 1065 929 1106 Gallicam.

198 1121 501 1164 Circumsistite
532 1135 642 1173 eam,
675 1123 716 1161 et
743 1121 996 1175 reflagitate,

201 1176 399 1218 ‘Moecha
427 1176 591 1230 putida,
622 1175 748 1216 redde
780 1176 1015 1228 codicillos,

198 1232 362 1286 Redde,
393 1231 539 1286 putida
567 1231 765 1284 moecha,
798 1231 1043 1272 codicillos.’

196 1287 297 1329 Non
327 1288 430 1328 assis
459 1286 593 1327 facis?
625 1300 649 1327 o
680 1287 834 1340 lutum,
864 1287 1062 1340 lupanar,

198 1344 286 1384 Aut
316 1343 351 1383 si
379 1342 581 1396 perditius
611 1344 752 1395 potest
781 1342 880 1395 quid
911 1355 1013 1382 esse.

198 1397 280 1439 Sed
308 1412 397 1439 non
425 1400 489 1438 est
515 1399 657 1438 tamen
685 1397 767 1438 hoc
797 1397 898 1438 satis
927 1396 1174 1450 putandum.

199 1452 319 1501 Quod
349 1453 384 1494 si
413 1467 501 1493 non
530 1452 643 1493 aliud
671 1455 833 1506 potest,
863 1453 1059 1493 ruborem

198 1508 349 1550 Ferreo
381 1508 496 1549 canis
528 1508 809 1561 exprimamus
840 1522 923 1549 ore.

200 1563 468 1606 Conclamate
499 1564 650 1604 iterum
680 1563 828 1604 altiore
857 1577 959 1604 voce

199 1619 399 1660 ‘Moecha
427 1619 591 1672 putida,
621 1618 748 1659 redde
779 1618 1014 1671 codicillos,

198 1674 361 1727 Redde,
389 1674 535 1728 putida
564 1673 759 1727 moecha,
790 1673 1036 1715 codicillos.'

200 1729 280 1772 Sed
309 1730 371 1770 nil
399 1730 660 1783 proficimus,
690 1728 798 1769 nihil
827 1732 1031 1770 movetur.

198 1785 443 1826 Mutandast
471 1786 576 1825 ratio
607 1783 837 1838 modusque
867 1785 1007 1836 vobis,

201 1840 346 1894 Siquid
375 1840 575 1894 proficere
606 1840 783 1893 amplius
813 1841 1010 1893 potestis,

199 1895 380 1937 ‘Pudica
409 1897 450 1936 et
478 1895 628 1950 proba,
659 1895 785 1935 redde
817 1894 1066 1936 codicillos?

586 2035 851 2083 XXXXHI.

201 2116 344 2170 Salve,
373 2130 451 2158 nec
479 2116 652 2157 minimo
681 2116 822 2178 puella
850 2129 953 2157 naso

199 2172 291 2214 Nec
320 2172 430 2213 bello
461 2171 566 2226 pede
595 2186 673 2213 nec
702 2171 836 2226 nigris
867 2171 1011 2212 ocellis

200 2227 290 2269 Nec
319 2228 459 2282 longis
484 2227 633 2290 digitis
662 2241 741 2267 nec
771 2240 841 2267 ore
872 2227 982 2267 sicco

200 2282 290 2324 Nec
321 2297 420 2324 sane
450 2283 575 2323 nimis
607 2282 798 2336 elegante
828 2281 995 2337 lingua,

200 2337 444 2380 Decoctoris
476 2338 610 2379 amica
639 2337 869 2379 Formiani.

1306 181 1360 221 21

1317 1130 1362 1161 10

1317 1406 1361 1437 15

1317 1683 1363 1714 20
