1601 2697
126 143 356 189 XXXVIIII]
675 141 827 177 LIBER.
1346 136 1398 177 19

636 248 875 296 XXXVII.

239 330 362 372 Salax
391 329 565 370 taberna
593 342 750 382 vosque
781 328 1120 382 contubernales,

236 387 276 426 A
306 385 471 438 pileatis
501 398 615 424 nona
644 383 842 424 fratribus
872 384 977 438 pila,

238 440 346 482 Solis
376 439 535 493 putatis
567 453 656 479 esse
688 439 895 479 mentulas
925 439 1063 492 vobis,

237 495 346 536 Solis
377 495 522 547 licere,
553 494 754 547 quidquid
786 496 849 534 est
876 494 1129 548 puellarum,

238 550 494 592 Confutuere
525 551 568 589 et
596 551 742 602 putare
773 551 931 590 ceteros
961 549 1129 590 hircos?
1378 559 1398 589 5

235 605 325 657 An,
358 605 622 646 continenter
652 604 762 657 quod
792 604 945 655 sedetis
975 605 1124 646 insulsi

238 660 418 702 Centum
448 674 502 700 an
532 659 721 712 ducenti,
752 673 839 700 non
868 660 1025 713 putatis
1056 674 1253 701 ausurum

235 715 305 756 Me
334 730 419 755 una
449 715 648 756 ducentos
678 715 889 755 inrumare
920 715 1133 756 sessores?

234 770 366 824 Atqui
395 772 557 824 putate:
588 784 769 823 namque
797 770 928 811 totius
958 770 1078 811 vobis

236 826 438 867 Frontem
467 825 667 866 tabernae
698 825 988 879 scorpionibus
1020 826 1212 867 scribam.
1356 834 1400 865 10

236 881 383 922 Puella
412 895 512 921 nam
541 881 619 934 mi,
651 895 755 934 quae
785 895 878 921 meo
909 881 1002 921 sinu
1031 881 1161 935 fugit,

234 937 391 977 Amata
419 938 584 976 tantum
615 937 818 989 quantum
849 936 1057 976 amabitur
1086 937 1221 989 nulla,

234 991 316 1033 Pro
348 1005 429 1044 qua
457 990 562 1031 mihi
593 993 691 1031 sunt
719 1005 876 1045 magna
904 991 1015 1032 bella
1043 994 1251 1046 pugnata,

239 1046 441 1088 Consedit
470 1046 576 1086 istic.
617 1045 726 1086 hanc
755 1046 856 1086 boni
886 1046 1081 1100 beatique

237 1102 393 1143 Omnes
424 1102 582 1153 amatis,
613 1103 654 1141 et
684 1101 869 1154 quidem,
901 1102 1011 1155 quod
1041 1102 1319 1157 indignumst,
1358 1109 1397 1141 15

238 1157 393 1198 Omnes
423 1157 567 1210 pusilli
598 1158 639 1196 et
669 1156 870 1197 semitarii
899 1157 1084 1211 moechi,

236 1212 299 1253 Tu
328 1214 492 1265 praeter
522 1225 667 1252 omnes
697 1226 778 1252 une
809 1212 859 1252 de
890 1213 1115 1266 capillatis,

238 1267 515 1309 Cuniculosae
547 1266 798 1308 Celtiberiae
828 1267 888 1308 fili

235 1322 413 1377 Egnati,
446 1336 578 1375 opaca
608 1336 731 1375 quem
761 1323 920 1363 bonum
949 1323 1052 1364 facit
1080 1323 1212 1364 barba

235 1378 293 1419 Et
322 1378 423 1419 dens
453 1377 613 1418 Hibera
641 1377 866 1418 defricatus
896 1378 1027 1419 urina.
1356 1387 1400 1418 20

627 1535 888 1582 XXXVIII.

238 1616 411 1669 Malest,
444 1615 661 1668 Cornifici,
692 1618 764 1657 tuo
797 1615 983 1669 Catullo,

235 1671 407 1725 Malest,
438 1686 504 1712 me
534 1671 721 1724 hercule,
754 1674 795 1711 et
825 1674 888 1712 est
917 1672 1143 1726 laboriose,

238 1727 296 1768 Et
324 1727 460 1781 magis
490 1727 625 1781 magis
655 1727 700 1767 in
730 1726 817 1767 dies
849 1730 890 1767 et
918 1727 1056 1768 horas.

238 1782 371 1830 Quem
400 1786 467 1835 tu,
501 1782 611 1836 quod
640 1782 860 1822 minimum
891 1782 1280 1836 facillimumquest,

240 1837 331 1886 Qua
361 1839 517 1878 solatus
549 1852 591 1878 es
624 1837 919 1878 adlocutione?
1378 1845 1399 1877 5

237 1893 401 1934 Irascor
430 1893 518 1934 tibi.
561 1893 619 1933 sic
649 1906 764 1933 meos
800 1894 990 1934 amores?

239 1948 417 1989 Paulum
447 1948 546 2001 quid
575 1948 692 1988 lubet
725 1948 1021 2003 adlocutionis,

238 2004 442 2046 Maestius
472 2003 655 2044 lacrimis
688 2002 953 2045 Simonideis.

617 2155 905 2202 XXXVIIII.

238 2237 467 2292 Egnatius,
501 2235 611 2290 quod
642 2235 840 2277 candidos
871 2235 998 2277 habet
1028 2237 1192 2291 dentes,

239 2292 420 2334 Renidet
448 2306 578 2346 usque
609 2305 783 2346 quaque.
830 2291 889 2333 sei
919 2292 971 2333 ad
1000 2294 1060 2334 rei
1090 2294 1302 2334 ventumst

1153 2361 1199 2393 2*
