1574 2692
62 108 238 153 LXXIII]
619 107 774 145 LIBER.
1282 106 1332 149 61

60 213 187 255 Hunc
217 216 410 255 metuunt
439 227 596 255 omneS.
646 226 780 268 neque
809 214 980 255 mirum:
1013 229 1112 256 nam
1141 216 1251 257 mala

2 271 7 275 ’
113 274 125 283 ”
863 270 1024 310 valdest

118 324 281 377 Bestia,
311 338 389 365 nec
419 325 585 378 quicum
615 324 726 365 bella
755 325 894 378 puella
923 325 1057 365 cubet.

63 379 199 428 Quare
230 381 301 420 aut
331 380 538 421 crudelem
568 393 767 420 nasorum
796 380 984 421 interfice
1012 382 1193 434 pestem,

119 436 208 475 Aut
237 435 431 475 admirari
462 435 604 476 desine
635 449 707 475 cur
735 435 917 489 fugiunt.
1293 444 1334 475 10

620 575 764 622 LXX.

60 655 179 698 Nulli
210 670 252 697 se
283 656 385 697 dicit
413 656 562 697 mulier
593 670 686 697 mea
714 656 871 697 nubere
900 656 1026 697 malle

118 711 250 760 Quam
280 711 402 764 mihi,
433 725 521 752 non
550 712 585 752 si
615 726 658 752 se
689 711 878 766 Iuppiter
907 712 996 765 ipse
1027 714 1154 765 petat.

60 765 193 808 Dicit:
225 767 297 808 sed
326 767 474 808 mulier
503 767 653 821 cupido
685 767 795 820 quod
826 766 928 807 dicit
957 768 1136 819 amanti,

80 839 87 842 ’
115 822 167 863 111
195 825 320 864 vento
353 825 394 863 et
422 823 567 876 rapida
597 823 778 863 scribere
808 824 975 876 oportet
1004 836 1121 876 aqua.

60 1043 205 1098 Siquoi
234 1046 322 1085 iure
352 1044 463 1086 bono
496 1059 611 1086 sacer
641 1044 800 1084 alarum
830 1043 997 1084 obsssitit
1026 1043 1190 1098 hircus,

114 1101 202 1140 Aut
231 1101 391 1154 siquem
420 1101 569 1141 merito
599 1099 718 1140 tarda
746 1099 933 1153 podagra
963 1102 1094 1152 secat,

58 1155 259 1196 Aemulus
289 1156 367 1197 iste
397 1158 512 1208 tuos,
544 1156 613 1209 qui
642 1155 831 1195 vostrum
862 1157 1024 1195 exercet
1055 1168 1258 1210 amorem,

113 1210 336 1251 Mirificost
364 1211 451 1252 fato
481 1214 628 1252 nactus
658 1212 879 1262 utrumque
909 1210 1080 1250 malum.

58 1264 168 1306 Nam
199 1267 390 1320 quotiens
420 1267 568 1319 futust,
599 1265 755 1306 totiens
785 1265 1000 1305 ulciscitur
1030 1266 1195 1308 ambos:
1309 1275 1329 1307 5

112 1321 235 1362 Illam
265 1322 427 1376 adfligit
457 1322 603 1374 odore,
634 1321 723 1375 ipse
753 1321 862 1374 perit
891 1320 1089 1375 podagra.

589 1461 781 1510 LXXII.
858 1496 861 1499 -

55 1543 235 1586 Dicebas
267 1544 477 1598 quondam
508 1545 643 1586 solum
672 1546 713 1584 te
743 1556 868 1583 nosse
900 1541 1133 1596 Catullum,

110 1600 281 1653 Lesbia,
311 1614 389 1641 nec
417 1614 518 1654 prae
548 1614 614 1641 me
643 1599 750 1640 velle
780 1600 924 1639 tenere
954 1597 1109 1639 Iovem.

54 1654 195 1697 Dilexi
224 1658 315 1696 tum
343 1658 384 1696 te
414 1670 502 1697 non
531 1658 695 1696 tantum
724 1656 771 1694 ut
799 1653 950 1708 volgus
982 1654 1178 1707 amicam,

112 1710 193 1752 Sed
221 1713 340 1765 pater
369 1714 416 1751 ut
443 1713 596 1766 gnatos
629 1709 769 1764 diligit
799 1710 841 1749 et
869 1722 1062 1763 generos.

54 1765 179 1807 Nunc
207 1768 250 1807 te
282 1768 481 1821 cognovi:
513 1781 638 1820 quare
669 1765 747 1807 etsi
777 1764 993 1817 inpensius
1023 1778 1140 1818 uror,
1307 1774 1328 1808 5

109 1821 245 1862 Multo
275 1822 333 1862 mi
363 1824 506 1863 tamen
536 1837 579 1863 es
608 1822 731 1862 vilior
762 1822 804 1861 et
833 1819 975 1860 levior.

55 1875 133 1925 Qui
156 1877 362 1931 potisest‘?
393 1877 544 1931 inquis.
589 1877 700 1931 quod
728 1877 940 1917 amantem
968 1874 1119 1917 injuria
1145 1877 1241 1919 talis

111 1931 238 1987 Cogit
267 1947 404 1974 amare
433 1934 588 1988 magis,
620 1933 692 1973 sed
722 1932 828 1973 bene
858 1930 965 1971 velle
995 1930 1145 1975 minus,

577 2074 792 2123 LXXIII.

52 2153 208 2196 Desine
238 2154 289 2196 de
320 2169 529 2209 quoquam
560 2156 782 2210 quicquam
811 2156 917 2198 bene
947 2157 1054 2198 velle
1085 2157 1237 2199 mereri

111 2211 196 2250 Aut
224 2211 403 2264 aliquem
433 2211 522 2252 fieri
551 2225 674 2265 posse
704 2214 851 2265 putare
881 2213 1010 2266 pium.

54 2264 206 2306 Omnia
236 2268 334 2307 sunt
362 2267 549 2320 ingrata,
581 2266 688 2307 nihil
717 2267 866 2309 fecisse
897 2268 1079 2323 benigne
