1601 2697
112 175 225 223 xvi]
670 174 821 212 LIBER

225 281 314 322 Vos
342 279 441 322 hinc
470 280 629 320 interea
660 279 830 334 (valete)
863 279 974 320 abite

223 335 350 388 Illuc,
379 335 489 376 unde
518 335 675 376 malum
704 333 854 388 pedem
867 332 1103 397 attulistis,

226 390 362 433 Saecli
390 390 674 442 incommoda,
705 389 878 443 pessimi
906 392 1067 444 poetae.

655 529 792 576 XIIII
803 528 833 577 ¹³.

225 609 343 663 Siqui
372 609 482 651 forte
510 623 699 650 mearum
728 610 981 664 ineptiarum

224 665 420 706 Lectores
451 665 564 706 eritis
594 679 826 719 manusque
855 667 1014 706 vestras

225 720 326 762 Non
354 719 579 761 horrebitis
610 720 829 761 admovere
857 720 1002 773 nobis,

408 792 431 816 *
598 793 620 817 *
789 792 811 816 *

699 915 800 963 XV.

227 995 486 1037 Commendo
516 995 594 1036 tibi
624 1010 690 1037 me
721 1011 768 1037 ac
798 1010 913 1038 meos
944 1010 1125 1048 amores,

228 1052 389 1093 Aureli.
434 1052 601 1092 veniam
630 1054 726 1114 peto
756 1052 1002 1105 pudentem,

229 1106 305 1160 Vt,
337 1107 372 1147 si
402 1106 623 1160 quicquam
653 1107 793 1147 animo
823 1109 896 1148 tuo
928 1107 1100 1161 cupisti,

229 1161 350 1211 Quod
380 1163 540 1202 castum
571 1165 784 1216 expeteres
816 1165 856 1203 et
885 1162 1150 1217 integellum,

227 1217 460 1259 Conserves
490 1232 664 1271 puerum
694 1217 799 1258 mihi
828 1217 995 1271 pudice,

226 1272 327 1315 Non
357 1272 449 1313 dico
480 1287 504 1312 a
532 1273 709 1327 populo:
741 1272 847 1313 nihil
877 1287 1067 1314 veremur

229 1327 360 1381 Istos,
393 1328 464 1381 qui
493 1328 537 1368 in
566 1328 706 1382 platea
734 1329 859 1369 modo
890 1328 971 1369 11110
1000 1328 1124 1369 1110ἀο
1155 1328 1255 1369 111110

227 1383 279 1424 111
308 1397 353 1424 re
382 1386 650 1437 praetereunt
679 1397 755 1424 sua
785 1384 995 1438 occupati:

228 1437 387 1480 Verum
417 1452 441 1479 a
469 1441 511 1479 te
540 1441 681 1480 metuo
712 1442 868 1492 tuoque
898 1453 1004 1493 pene

228 1493 389 1535 Infesto
419 1494 558 1547 pueris
588 1494 711 1534 bonis
741 1495 956 1548 malisque.

231 1549 364 1599 Quem
393 1551 439 1590 tu
470 1563 551 1602 qua
579 1550 713 1603 lubet,
744 1553 790 1590 ut
820 1550 954 1603 iubet,
985 1552 1173 1601 moveto,

231 1605 443 1654 Quantum
472 1605 556 1657 vis,
587 1605 660 1645 ubi
691 1605 769 1646 erit
798 1605 920 1658 foris,
951 1608 1162 1660 paratum:

230 1660 356 1701 Hunc
386 1674 516 1701 unum
546 1660 729 1714 excipio,
759 1663 807 1702 ut
834 1663 956 1714 puto,
987 1661 1204 1715 pudenter.

232 1715 352 1764 Quod
382 1716 416 1756 si
445 1717 487 1756 te
516 1716 628 1756 mala
656 1730 774 1757 1110115
804 1716 1002 1770 furorque
1032 1730 1177 1757 vecors

231 1771 280 1812 In
310 1773 472 1811 tantam
501 1771 719 1825 inpulerit,
751 1772 943 1825 sceleste,
976 1772 1161 1826 culpam,

231 1826 291 1867 Vt
317 1829 509 1867 nostrum
539 1827 702 1867 insidiis
733 1829 858 1880 caput
887 1828 1085 1879 lacessas,

232 1883 272 1922 A
301 1883 392 1922 tum
422 1884 463 1922 10
492 1883 691 1923 miserum
719 1883 900 1936 malique
930 1883 1026 1936 fati,

235 1937 368 1985 Quem
398 1938 587 1978 attractis
617 1937 792 1991 pedibus
823 1940 992 1992 patente
1023 1939 1145 1992 porta

233 1992 483 2034 Percurrent
511 1992 770 2047 raphanique
800 1994 1074 2048 mugilesque.

691 2134 816 2181 XVI.

234 2215 442 2257 Pedicabo
474 2229 552 2270 ego
583 2229 657 2257 vos
688 2219 730 2257 et
757 2215 999 2269 inrumabo,

233 2271 381 2312 Aureli
409 2271 576 2326 pathice
606 2274 649 2312 01
678 2271 848 2313 cinaede
877 2271 996 2324 Furi,

235 2326 317 2377 Qui
346 2341 413 2368 me
443 2341 493 2368 ex
521 2327 736 2368 versiculis
766 2327 869 2368 meis
899 2327 1098 2380 putastis,

1341 670 1384 702 25

1351 1503 1391 1533 10
