1601 2697
157 558 199 588 10

159 836 200 866 15

158 1113 201 1144 20

159 1391 202 1421 25

161 1747 205 1778 30

697 327 899 363 CATVLLI

266 437 512 491 Ecquonam
542 434 646 476 mihi
676 434 904 489 profuisset
933 448 1040 475 aere.

268 491 484 546 Respondi
512 491 555 531 id
586 490 697 544 quod
727 493 835 543 erat,
866 489 973 530 nihil
1003 502 1138 543 neque
1168 488 1272 542 ipsis

267 548 358 589 Nec
387 544 651 601 praetoribus
683 560 772 587 esse
802 559 880 586 nee
911 545 1094 597 cohorti,

269 603 354 645 Cur
384 603 604 656 quisquam
635 603 762 655 caput
790 601 956 642 unctius
987 600 1182 652 referret,

267 658 521 701 Praesertim
551 657 701 712 quibus
733 659 842 697 esset
876 657 1110 697 inrumator

268 715 462 767 Praetor,
493 727 581 754 non
609 713 767 753 faciens
798 712 874 765 pili
904 711 1131 753 cohortem.

270 771 354 810 ‘At
383 772 495 810 certe
524 771 686 821 tamen,
717 768 932 821 inquiunt,
964 766 1076 821 quod
1105 767 1192 807 illic

268 826 428 867 Natum
459 824 611 865 dicitur
641 837 753 877 esse,
785 823 1024 877 conparasti

269 882 338 922 Ad
367 881 559 921 lecticam
589 879 812 920 homines.'
864 893 963 933 ego,
993 880 1041 918 ut
1070 877 1236 931 puellae

269 936 413 978 Vnum
442 950 509 977 me
539 935 720 976 facerem
750 934 1000 986 beatiorem,

271 992 416 1034 ‘Non'
447 992 620 1045 inquam
651 989 779 1030 ‘mihi
808 992 895 1029 tam
924 989 1005 1029 fuit
1033 988 1239 1042 maligne,

269 1047 347 1101 Vt,
377 1047 597 1102 provincia
627 1045 738 1099 quod
768 1045 881 1085 mala
910 1044 1149 1096 incidisset,

268 1103 369 1145 Non
397 1116 567 1157 possem
598 1104 692 1142 octo
724 1101 916 1141 homines
947 1114 1094 1153 parare
1123 1101 1291 1139 rectos?

271 1160 331 1200 At
359 1160 419 1199 mi
447 1158 588 1199 nullus
620 1159 710 1197 erat
739 1170 816 1197 nec
845 1156 914 1196 hic
944 1169 1078 1209 neque
1109 1154 1216 1207 illic,

270 1215 470 1256 Fractum
500 1214 571 1267 qui
601 1212 753 1253 veteris
784 1212 934 1265 pedem
963 1210 1130 1265 grabati

270 1270 323 1311 In
353 1270 461 1311 collo
499 1269 579 1309 sibi
611 1268 815 1309 collocare
846 1269 1001 1321 posset.

272 1326 355 1367 Hic
383 1326 477 1378 illa,
508 1326 555 1364 ut
585 1324 725 1364 decuit
755 1322 1054 1375 cinaediorem,

272 1381 481 1430 ‘Quaeso’
513 1380 651 1433 inquit
683 1378 829 1431 ‘mihi,
861 1378 919 1418 mi
951 1377 1134 1430 Catulle,
1166 1376 1338 1430 paulum

272 1437 396 1479 Istos.
441 1435 659 1477 commode
690 1435 801 1475 enim
832 1434 926 1474 volo
959 1433 1011 1474 ad
1042 1432 1233 1486 Sarapim

272 1492 467 1534 Deferri.'
516 1491 734 1531 ‘minime'
767 1489 901 1543 inquii
931 1489 1114 1543 puellae3

602 1576 623 1598 *
792 1575 813 1597 εκ
983 1574 1006 1597 *

274 1625 416 1667 ‘Istud
447 1624 558 1679 quod
587 1624 712 1665 modo
749 1623 936 1664 dixeram
966 1637 1032 1663 me
1062 1621 1237 1672 habere,

273 1682 402 1736 Fugit
430 1695 497 1721 me
525 1680 655 1721 ratio:
686 1693 803 1720 meus
835 1678 990 1719 sodalis

273 1737 453 1779 Cinnast
483 1735 631 1789 Gaius,
661 1736 697 1776 is
729 1735 809 1775 sibi
839 1735 1014 1788 paravit.

273 1793 450 1845 Verum,
482 1794 623 1832 utrum
653 1791 765 1831 illius
797 1805 852 1831 an
881 1790 983 1842 mei,
1015 1788 1113 1842 quid
1144 1788 1195 1828 ad
1226 1787 1322 1829 me?

273 1848 382 1889 Vtor
410 1851 499 1888 tam
528 1847 634 1888 bene
665 1861 791 1900 quam
822 1845 926 1886 mihi
956 1844 1150 1898 pararim.

275 1904 357 1945 Sed
386 1907 433 1944 tu
462 1903 622 1944 insulsa
650 1903 760 1942 male
792 1916 839 1943 ac
869 1901 1049 1941 molesta
1078 1900 1202 1952 vivis,

274 1960 355 2001 Per
385 1973 511 2013 quam
541 1972 629 1999 11011
660 1958 758 1999 licet
789 1972 878 1998 esse
908 1956 1226 2011 negligentem.’

276 2216 378 2258 Furi
408 2217 449 2256 et
478 2215 647 2268 Aureli,
681 2213 854 2256 comites
886 2212 1063 2264 Catulli,

278 2272 374 2313 Sive
404 2272 450 2312 in
480 2274 686 2312 extremos
717 2269 957 2324 penetrabit
985 2267 1134 2320 Indos,

277 2327 397 2368 Litus
427 2329 475 2367 ut
504 2327 630 2381 longe
661 2327 884 2367 resonante
914 2324 1007 2365 an

549 2381 756 2422 Tunditur
786 2381 915 2434 unda,

278 2438 375 2480 Sive
404 2438 450 2479 in
478 2437 701 2492 Hyrcanos
732 2435 944 2477 Arabe'sve
974 2435 1142 2488 molles,

280 2493 362 2536 Seu
393 2493 520 2535 Sacas
552 2492 861 2548 sagittiferosve
891 2491 1089 2542 Parthos,
