1601 2697
84 179 208 225 nvn]

642 174 807 215 LIBER-‚²

248 284 349 327 Non
379 285 518 325 custos
549 283 585 325 si
613 283 750 338 fingar
778 284 850 325 ille
883 282 1073 337 Cretum,

247 339 348 381 Non
378 340 413 380 si
443 339 628 394 Pegaseo
658 339 770 380 ferar
799 339 963 390 volatu,

248 395 347 435 Non
374 394 509 435 Ladas
541 408 618 448 ego
648 394 895 448 pinnipesve
924 393 1120 448 Perseus,

248 449 348 491 Non
377 449 506 490 Rhesi
535 450 658 490 nivea
688 449 850 502 citaque
879 449 999 503 biga:

248 505 368 545 Adde
396 504 478 545 huc
506 504 765 558 plumipedes
795 504 1088 558 volatilesque,

247 559 561 613 Ventorumque
593 560 716 600 simul
745 559 907 613 require
938 573 1123 601 cursum:

249 614 362 663 Quos
394 618 585 667 cunctos,
619 614 803 667 Cameri,
834 614 938 655 mihi
969 614 1147 668 dicares,

250 669 450 711 Defessus
479 672 621 710 tamen
651 670 844 711 omnibus
874 669 1067 710 medullis

249 725 307 766 Et
335 725 476 766 multis
508 725 749 779 langoribus
780 739 949 779 peresus

247 780 396 821 Essem
424 782 465 821 te
495 780 618 832 mihi,
650 781 800 833 amice,
833 780 1118 834 quaeritando,

248 835 383 876 Tanto
413 838 486 876 ten
514 836 624 876 fastu
653 850 803 890 negas,
835 836 994 876 amice?

250 890 329 932 Dic
358 891 481 931 nobis
511 890 583 931 ubi
613 891 668 931 sis
698 892 881 943 futurus,
914 890 987 932 ede

248 946 476 998 Audacter,
509 946 728 998 committe,
760 946 879 987 crede
910 946 1027 987 lucei.

249 1001 363 1043 Num
392 1004 433 1042 te
464 1001 662 1042 lacteolae
691 1004 837 1042 tenent
866 1000 1057 1054 puellae?

250 1056 293 1098 Si
322 1057 510 1110 linguam
542 1056 680 1096 clauso
710 1058 828 1097 tenes
857 1058 901 1096 in
932 1070 1021 1109 ore,

250 1111 426 1153 Fructus
456 1111 634 1164 proicies
666 1112 817 1152 amoris
849 1125 1013 1152 omnes:

248 1166 437 1207 Verbosa
466 1167 622 1220 gaudet
650 1166 793 1208 Venus
824 1167 1018 1220 loquella.

247 1221 327 1262 Vel
357 1222 391 1262 si
421 1222 503 1274 vis,
534 1222 632 1262 licet
663 1222 828 1262 obseres
859 1222 1065 1275 palatum,

247 1276 359 1318 Dum
388 1277 518 1317 vostri
549 1277 627 1317 sim
657 1278 865 1331 particeps
897 1277 1062 1317 amoris.

654 1417 773 1464 LVI.

251 1498 286 1540 Ο
316 1513 405 1540 rem
433 1498 671 1550 ridiculam,
706 1497 836 1550 Cato,
870 1500 911 1538 et
938 1498 1123 1539 iocosam

248 1553 515 1608 Dignamque
545 1554 712 1594 auribus
743 1555 785 1594 et
812 1556 885 1593 tuo
918 1552 1134 1594 cachinno.

250 1609 375 1663 Ride,
407 1608 607 1662 quidquid
637 1622 771 1661 amas,
803 1607 928 1661 Cato,
961 1607 1192 1649 Catullum·

246 1664 329 1705 Res
360 1666 424 1705 est
451 1663 627 1705 ridicula
657 1666 699 1705 et
726 1663 852 1704 nimis
882 1663 1034 1704 iocosa.

248 1718 462 1773 Deprendi
491 1719 614 1760 modo
644 1719 848 1772 pupulum
877 1719 1041 1772 puellae

248 1774 513 1815 Trusantem:
544 1774 656 1815 hunc
687 1788 784 1828 ego,
817 1774 851 1814 si
881 1774 1020 1827 placet
1049 1772 1230 1828 Dionae,

247 1829 414 1871 Protelo
445 1829 581 1884 rigida
609 1844 703 1870 mea
734 1829 874 1870 cecidi.

641 1969 784 2016 LVII.

247 2050 396 2092 Pulcre
427 2050 623 2091 convenit
653 2049 840 2103 inprobis
873 2050 1074 2105 cinaedis,

246 2104 482 2146 Mamurrae
512 2105 762 2159 pathicoque
793 2104 1055 2159 Caesarique.

247 2160 337 2202 Nec
365 2161 536 2202 mirum:
567 2161 755 2201 maculae
785 2175 904 2213 pares
935 2161 1139 2216 utrisque,

247 2214 419 2256 Vrbana
448 2216 579 2256 altera
609 2218 652 2256 et
680 2216 752 2256 illa
781 2215 1020 2269 Formiana,

247 2269 466 2324 Inpressae
495 2270 681 2312 resident
709 2284 786 2311 nec
817 2271 1026 2312 eluentur:

246 2324 432 2367 Morbosi
463 2326 636 2380 pariter,
668 2326 838 2380 gemelli
870 2326 1031 2380 utrique

1298 174 1351 215 27

1309 291 1353 323 23

1309 402 1351 433 25

1309 678 1352 710 30

1308 789 1349 819 32

1309 844 1352 875 14

1308 1175 1351 1205 20

1331 1727 1350 1758 5
