1601 2697
99 296 258 343 mut]
651 294 803 330 LIBER.
1315 290 1369 332 45

101 402 171 445 Sic
199 401 323 443 nimis
353 400 559 441 insultans
591 402 774 441 extremo
805 402 991 454 tempore
1022 414 1143 442 saeva

101 457 205 499 Fors
235 457 359 497 etiam
387 456 543 496 nostris
573 455 724 496 invidit
753 456 966 509 questibus
997 470 1130 496 aures.
1307 463 1370 494 17c

101 512 289 574 Iuppiter
318 511 602 564 omnipotens,
633 511 795 551 utinam
823 524 877 551 ne
906 512 1094 564 tempore
1123 510 1258 564 primo

103 567 262 609 Gnosia
291 564 516 619 Cecropiae
545 565 788 619 tetigissent
816 566 941 606 litora
969 580 1150 619 puppes,

100 621 312 664 Indomito
341 634 420 661 nec
450 620 539 660 dira
567 620 705 661 ferens
737 621 947 674 stipendia
975 623 1096 661 tauro

101 676 288 719 Perfidus
317 676 363 716 in
393 674 518 717 Creta
545 675 766 729 religasset
793 677 937 716 navita
965 676 1124 729 funem,

100 731 192 774 Nec
220 730 354 771 malus
383 730 452 770 hic
482 730 621 770 celans
652 730 763 771 dulci
794 731 976 771 crudelia
1004 732 1140 771 forma
1310 738 1371 770 175

103 786 291 829 Consilia
320 786 364 825 in
392 785 548 825 nostris
577 785 808 838 requiesset
838 786 1004 826 sedibus
1033 785 1205 840 hospes!

101 841 214 884 Nam
244 854 325 894 quo
354 853 422 881 me
450 840 659 881 referam?
692 840 806 894 quali
836 855 909 895 spe
938 840 1101 894 perdita
1129 840 1269 881 nitar?

101 897 405 939 Idomeneosne
433 897 576 949 petam
605 896 798 936 montes?
831 910 876 949 a,
905 897 1073 950 gurgite
1102 896 1187 936 lato

102 951 356 994 Discernens
386 952 506 1004 ponti
534 951 817 992 truculentum
846 952 918 992 ubi
939 951 1086 992 dividit
1106 950 1289 1004 aequor?

102 1009 174 1048 An
202 1007 332 1060 patris
353 1006 551 1046 auxilium
572 1006 762 1060 sperem‘?
795 1021 971 1060 quemne
998 1007 1091 1060 ipsa
1109 1006 1278 1060 reliqui,
1311 1014 1374 1046 180

102 1062 356 1116 Respersum
386 1062 578 1102 iuvenem
607 1062 793 1102 fraterna
823 1062 946 1103 caede
977 1062 1147 1102 secuta?

106 1117 308 1171 Coniugis
340 1131 395 1157 an
423 1116 506 1156 fido
538 1117 730 1158 consoler
758 1119 914 1158 memet
943 1131 1106 1170 amore,

105 1173 240 1221 Quinc
269 1172 380 1226 fugit
409 1172 545 1212 lentos
575 1172 798 1213 incurvans
828 1173 996 1227 gurgite
1025 1171 1191 1213 remos?

104 1227 326 1269 Praeterea
353 1227 470 1267 nullo
501 1227 599 1267 litus
608 1259 619 1280 7
651 1227 742 1267 sola
770 1227 927 1280 insula,
957 1230 1088 1280 tecto,

105 1282 196 1324 Nec
224 1284 342 1336 patet
370 1296 561 1336 egressus
590 1282 731 1337 pelagi
761 1282 1025 1337 cingentibus
1053 1282 1196 1324 undis:
1314 1289 1377 1321 185

104 1338 234 1380 Nulla
262 1338 386 1392 fugae
415 1337 542 1390 ratio,
573 1338 691 1378 nulla
720 1352 832 1391 spes:
864 1339 1011 1379 omnia·
1034 1340 1168 1390 muta,

105 1393 260 1435 Omnia
289 1394 387 1433 sunt
415 1392 595 1444 deserta,
628 1395 842 1434 ostentant
871 1394 1011 1434 omnia
1038 1393 1180 1434 letum.

105 1448 207 1490 Non
233 1450 375 1488 tamen
404 1450 500 1488 ante
528 1425 633 1489 mi'hi
662 1449 936 1502 languescent
965 1449 1125 1489 lumina
1152 1449 1307 1502 morte,

104 1504 197 1546 Nec
225 1503 340 1566 prius
370 1517 396 1543 a
423 1503 533 1544 fesso
565 1503 760 1544 secedent
788 1518 961 1558 empore
991 1518 1158 1557 sensuS‚

106 1559 242 1607 Quam
271 1558 424 1599 iustam
454 1573 478 1598 a
507 1558 612 1599 divis
643 1573 865 1612 exposcam
894 1559 1059 1613 prodita
1089 1559 1282 1612 multam,
1314 1565 1379 1597 190

108 1614 429 1667 Caelestumque
458 1613 582 1654 fidem
611 1617 824 1667 postrema
853 1628 1078 1668 conprecer
1106 1614 1222 1655 hora.

109 1669 244 1718 Quare
274 1669 386 1709 facta
414 1668 549 1709 virum
577 1669 804 1710 multantes
833 1669 998 1710 vindice
1028 1683 1183 1723 poena,

108 1724 380 1776 Eumenides,
412 1724 561 1777 quibus
591 1725 776 1779 anguino
806 1725 1000 1766 redimita
1029 1725 1182 1778 capillo

107 1778 242 1822 Frons
273 1779 500 1833 expirantis
529 1758 771 1833 praep⁰01tat
799 1781 980 1833 pectoris
1010 1780 1113 1833 i1·‚as

108 1834 203 1876 Huc
233 1835 316 1875 huc
345 1834 584 1887 adventate‚
614 1849 729 1875 meas
759 1835 898 1876 audite
929 1835 1151 1889 querellas,
1317 1842 1380 1874 195

109 1890 223 1938 Quas
256 1903 335 1944 ego
365 1891 458 1930 vae!
490 1890 642 1931 misera
672 1891 867 1931 extremis
896 1891 1082 1944 proferre
1111 1889 1305 1931 medullis

109 1945 252 1999 Cogor
280 1946 422 1998 inops,
455 1945 622 1998 ardens,
657 1946 814 1986 amenti
845 1959 968 1987 caeca
995 1946 1148 1986 furore.

110 2000 225 2049 Quae
256 2000 454 2053 quoniam
483 2014 604 2041 verae
633 2002 865 2041 nascuntur
893 2003 1062 2054 pectore
1092 2001 1144 2041 ab
1174 2000 1279 2054 imo,

110 2055 200 2096 Vos
228 2055 360 2096 nolite
389 2055 479 2108 pati
507 2057 699 2096 nostrum
729 2069 951 2097 vanescere
981 2056 1159 2108 luctum,

111 2109 194 2152 Sed
223 2110 337 2164 quali
367 2110 500 2150 solam
529 2110 714 2152 Theseus
743 2125 811 2152 me
839 2113 980 2152 mente
1008 2111 1196 2164 reliquit,
1318 2118 1384 2150 200

111 2165 204 2206 Tali
232 2167 393 2218 mente,
425 2165 544 2218 deae,
575 2166 762 2207 funestet
791 2180 916 2219 seque
946 2171 1154 2220 suosque?

166 2220 254 2262 Has
283 2222 505 2274 postquam
534 2223 694 2262 maesto
724 2221 913 2275 piofudit
940 2223 1109 2275 pectore
1138 2233 1282 2274 voceS,

112 2275 373 2329 Supplicium
404 2276 538 2317 saevis
569 2290 800 2331 exposcens
829 2277 954 2317 anxia
982 2277 1123 2330 sactis,

112 2331 274 2371 Adnuit
302 2330 459 2372 invicto
492 2332 716 2373 caelestum
745 2333 917 2373 numine
946 2334 1100 2385 rector,

113 2386 205 2434 Quo
235 2387 352 2427 motu
381 2386 505 2427 tellus
536 2389 659 2441 atque
689 2386 858 2428 horrida
888 2364 1229 2429 contremuerunt
1321 2394 1384 2426 205

114 2443 309 2496 Aequora
338 2442 631 2498 concussitque
661 2442 861 2484 micantia
890 2442 1025 2485 sidera
1052 2442 1245 2484 mundus
