1574 2692
145 141 287 195 CXVI]
704 140 858 177 LIBER..
1362 132 1416 174 73

695 248 858 297 CXVL

87 383 91 393 s
146 339 278 393 Saepe
308 338 384 379 tibi
416 337 601 378 studioso
632 336 771 376 animo
801 335 980 375 venante
1009 333 1224 387 requirens

78 400 83 416 ‘
203 393 397 436 Carmina
426 392 487 433 uti
519 405 687 446 possem
715 390 882 431 mittere
910 388 1148 441 Battiadae,

147 450 227 498 Qui
256 451 299 489 te
328 448 505 489 lenirem
532 447 656 487 nobis
664 478 675 499 7
706 459 789 486 neu
818 458 1014 486 conarere

202 504 315 545 Telis
345 502 508 543 infestis
538 502 645 543 icere
675 501 735 542 mi
764 514 896 554 usque
926 501 1068 552 eaput,

146 559 276 601 Hunc·
301 558 422 599 video
453 557 558 598 mihi
587 571 700 598 nune
728 556 884 597 frustra
913 556 1127 608 sumptum
1164 566 1253 594 esse
1283 552 1340 593 la·
1395 559 1417 592 5

950 610 1114 662 borem,

204 669 333 722 Gelli,
362 682 440 709 nec
469 670 635 708 nostras
664 667 734 708 hio
764 666 944 707 valuisse
973 678 1130 719 preces,

148 723 306 767 Contra
334 738 412 765 nos
442 724 526 764 tela
554 723 636 764 ista
664 725 738 763 tua
765 722 966 763 evitamus
997 720 1170 762 amietuz

202 780 263 820 At
290 779 396 820 fixus
424 778 581 820 nostris
610 780 657 819 tu
686 777 792 819 dabi'
824 776 1087 831 supplicium.

564 1121 1009 1173 FRAGMENTA.

217 1241 248 1275 1.
292 1236 335 1283 at
363 1248 450 1275 non
481 1233 654 1287 effugies
684 1248 800 1275 meos
830 1233 1005 1274 iambos

216 1298 351 1343 Porph.
376 1299 422 1333 ad
446 1299 534 1333 Hor.
559 1309 590 1332 o.
613 1299 646 1341 Ι,
674 1303 724 1341 16,
751 1303 809 1333 24:
833 1298 984 1333 iambici
1008 1298 1134 1332 autem
1157 1307 1284 1333 versus
1309 1297 1423 1341 aptis-

150 1343 234 1378 S1mi
256 1343 441 1378 habentur
465 1343 512 1377 ad
536 1342 844 1378 maledicendum.
894 1352 912 1376 *
935 1352 953 1377 *
978 1356 994 1374 *
1018 1341 1177 1384 denique
1203 1343 1241 1376 et
1258 1341 1425 1376 Catullus

150 1399 233 1422 cum
256 1387 454 1422 maledieta
477 1387 682 1422 minaretur
711 1388 762 1421 sic
793 1387 846 1421 ait
875 1397 905 1421 e.
930 1397 965 1429 q.
990 1398 1016 1421 s.
1041 1406 1085 1411 —
1108 1386 1137 1419 E
1161 1386 1425 1429 Porphyrionis

150 1432 368 1521 egmkmlenti3
396 1432 505 1465 fluxit
532 1431 593 1465 hic
625 1443 658 1466 v.
688 1432 726 1465 in
758 1431 1010 1476 anthologiam
1043 1430 1225 1466 Cusanam
1258 1431 1336 1476 [pg.
1362 1434 1425 1465 110

150 1487 170 1511 e
200 1502 208 1510 .
282 1487 350 1510 em.
374 1502 381 1510 .

216 1551 248 1583 2.
291 1542 403 1583 huno
433 1543 572 1584 lucum
601 1543 679 1584 tibi
710 1543 855 1585 dedico
887 1557 1168 1596 consecroque
1198 1542 1369 1596 Priape,

290 1612 370 1651 qua
400 1598 547 1639 domus
577 1600 650 1640 tua
669 1598 932 1653 Lampsaeist
952 1612 1113 1652 quaque
1132 1599 1239 1640 silva
1259 1597 1424 1651 Priape.

289 1668 388 1694 nam
417 1656 458 1694 te
487 1654 710 1708 praecipue
740 1655 785 1695 in
815 1655 899 1695 suis
929 1654 1102 1695 urbibus
1133 1654 1235 1695 colit
1265 1668 1338 1694 ora

289 1708 582 1763 Hellespontia
612 1709 761 1750 ceteris
793 1710 1012 1750 ostriosior
1045 1709 1141 1750 oris.

216 1774 297 1809 Ter.
322 1773 439 1809 Maur.
464 1787 497 1808 v.
524 1779 610 1810 2755
635 1786 714 1819 sqq.
740 1775 848 1810 affert
877 1775 969 1810 haec
1000 1775 1048 1809 ad
1072 1776 1285 1819 exemplum
1316 1775 1426 1809 metri

149 1819 313 1863 Priapei:
339 1819 503 1853 eiusdem
527 1820 804 1854 demonstrandi
829 1831 940 1854 causa
962 1821 1138 1863 promunt
1160 1820 1322 1864 primum
1346 1831 1426 1854 ver-

151 1875 230 1912 sum
255 1863 389 1897 Atilius
412 1863 698 1898 Fortunatianus
729 1875 790 1908 pg.
815 1868 913 1899 2675.
939 1868 1037 1899 2676.
1063 1868 1166 1906 26973
1197 1864 1426 1898 Pseudooen-

151 1918 293 1941 sormus
319 1911 423 1949 2727;
449 1908 587 1942 Marius
604 1908 816 1943 Victorinus
841 1912 939 1943 2567.
964 1913 1062 1944 2598.
1087 1913 1186 1951 2600,
1212 1909 1276 1952 qui
1301 1910 1339 1943 et
1361 1908 1428 1942 illa

151 1957 259 1986 ‘nam
282 1960 318 1986 te
344 1952 543 1995 praecipue
567 1953 605 1986 in
629 1953 722 1986 suis’
749 1954 787 1987 et
811 1953 1089 1997 ‘Hellespontia
1113 1954 1264 1988 ceteris⁷
1289 1963 1426 1987 memo-

149 1996 210 2029 rat
232 2007 293 2045 pg.
319 2000 416 2031 2599.
464 1996 509 2031 V.
536 2000 555 2030 2
586 1997 624 2031 id
657 1997 756 2040 quod
782 1998 838 2032 est
863 1997 998 2032 ‘silva'
1025 1997 1214 2033 verissime
1239 1997 1428 2042 supplevit

152 2039 328 2089 Scaliger.
361 2040 459 2075 Nota
481 2041 520 2074 in
543 2041 676 2076 finibus
700 2052 936 2076 numerorum
960 2042 1189 2078 recurrentia
1212 2042 1279 2076 illa
1294 2042 1427 2085 Priape

149 2083 283 2128 Priape
310 2086 347 2119 et
371 2095 436 2119 ora
462 2086 543 2120 oris.

219 2160 239 2190 3
243 2180 510 2193 ......
535 2153 585 2193 de
615 2167 730 2195 mero
761 2154 956 2209 ligurrire
986 2154 1173 2195 libidost.

218 2217 311 2252 Non.
337 2229 405 2268 pg3
426 2223 507 2253 134:
533 2218 704 2263 ligurrire
730 2220 927 2264 degustare
958 2220 1054 2255 unde
1081 2220 1247 2255 Catullus
1271 2219 1427 2263 Priapeo

152 2270 279 2340 phlffios'.
302 2263 522 2341 V‘Priapeo’
548 2263 821 2308 Lachmannus,
849 2264 1020 2309 ‘Priopo’
1049 2265 1150 2307 libri3
1178 2269 1319 2299 ‘mero'
1346 2274 1427 2307 ego,
