1601 2697
195 1118 240 1148 10

194 1395 235 1425 15

192 1673 236 1705 20

743 169 944 204 CATVLLI
1262 170 1474 216 [XXXXIH.

279 276 368 317 Ten
398 275 615 330 provincia
644 278 787 317 narrat
816 291 905 317 esse
936 276 1118 317 bellam?

279 331 435 372 Tecum
465 331 617 372 Lesbia
645 334 791 372 nostra
823 332 1103 385 conparatur?

280 386 314 428 Ο
347 387 529 428 saeclum
560 388 772 441 insapiens
804 389 845 428 et
874 387 1119 428 infacetum!

688 528 960 574 XXXXHH

280 609 314 650 Ο
345 609 474 650 funde
504 610 648 650 noster
679 623 752 650 seu
783 609 937 650 Sabine
968 624 1040 650 seu
1071 609 1240 662 Tiburs,

280 664 410 719 (Nam
440 667 482 705 te
512 679 600 705 esse
622 664 837 705 Tiburtem
859 667 1098 718 autumant,
1130 665 1279 719 quibus
1301 679 1387 706 non
1408 667 1474 707 est

278 720 407 762 Uordi
437 719 649 762 Catullum
679 721 864 762 laedere:
897 723 940 761 at
970 721 1118 774 quibus
1150 720 1324 774 cordist‚

279 776 435 824 Quovis
467 776 669 817 Sabinum
699 777 876 830 pignore
908 790 997 817 esse
1029 776 1306 830 contendunt)

279 831 361 872 Sed
390 845 463 872 seu
494 831 648 872 Sabine
679 833 765 872 sive
795 831 931 872 verius
962 831 1132 885 Tiburs,

278 887 356 927 Fui
386 887 568 927 libenter
598 887 642 927 in
670 889 744 928 tua
774 886 1013 928 suburbana

276 942 392 983 Villa
421 943 658 996 malamque
688 945 857 996 pectore
888 943 1027 997 expuli
1057 943 1227 995 tussim,

277 997 376 1039 Non
407 998 630 1039 inmerenti
661 1013 785 1052 quam
819 998 923 1039 mihi
953 1013 1070 1039 meus
1100 1001 1264 1052 venter,

278 1053 391 1094 Dum
422 1056 686 1107 sumptuosas
718 1054 888 1107 adpeto,
921 1054 1053 1106 dedit,
1085 1068 1220 1094 cenas.

278 1109 410 1162 Nam,
443 1109 658 1150 Sestianus
690 1110 788 1150 dum
819 1110 914 1150 volo
946 1124 1035 1150 esse
1066 1110 1262 1163 conviva,

279 1165 523 1205 Orationem
554 1166 597 1205 in
627 1166 805 1205 Antium
836 1165 1056 1218 petitorem

276 1220 452 1261 Plenam
482 1221 632 1261 veneni
663 1223 705 1261 et
733 1221 998 1274 pestilentiae
1030 1221 1127 1275 legi.

276 1275 358 1316 Hie
387 1290 454 1317 me
484 1276 657 1330 gravido
689 1276 843 1330 frigida
874 1279 916 1316 et
944 1276 1140 1330 frequens
1169 1276 1298 1317 tussis

278 1331 502 1379 Quassavit
531 1345 661 1384 usque
692 1332 789 1371 dum
820 1332 864 1371 in
894 1334 1012 1372 tuum
1044 1332 1181 1372 sinum
1212 1332 1303 1386 fugi

274 1386 331 1427 Et
359 1401 426 1427 me
457 1387 644 1428 recuravi
675 1388 843 1440 otioque
874 1390 916 1427 et
943 1387 1090 1428 urtica.

277 1440 413 1490 Quare
443 1443 621 1483 refectus
652 1443 854 1483 maximas
884 1442 962 1482 tibi
992 1445 1132 1497 grates

275 1498 392 1552 Ago,
425 1512 564 1539 meum
596 1498 707 1560 quod
736 1511 824 1538 non
855 1512 897 1538 es
927 1498 1016 1538 ulta
1045 1500 1278 1552 peccatum.

275 1552 367 1594 Nec
397 1553 599 1607 depr·e‹301
629 1553 804 1607 1an1,si
833 1554 996 1594 nefaiia
1026 1554 1183 1607 scripta

276 1607 387 1649 Sesti
417 1623 609 1672 reeepso,
642 1610 744 1662 quin
774 1609 1035 1662 gravidinem
1067 1612 1108 1650 et
1137 1610 1287 1650 tussim

273 1663 374 1704 Non
403 1665 482 1718 mi,
515 1665 587 1705 sed
617 1665 699 1718 ipsi
731 1664 866 1706 Sestio
898 1665 1005 1705 felat
1034 1665 1189 1719 frigus,

275 1718 356 1767 Qui
385 1722 475 1761 tum
504 1722 626 1761 vocat
656 1734 742 1770 me
774 1734 868 1761 611111
899 1720 1055 1760 malum
1085 1720 1237 1761 librum
1269 1719 1365 1776 legi.

709 1861 946 1908 XXXXV.

274 1943 439 1983 Acmen
470 1943 709 1997 Septumius
742 1957 838 1983 suos
870 1956 1032 1983 amores

275 1998 441 2039 Tenens
471 1999 516 2039 in
546 1998 707 2053 gremio
740 2002 877 2039 ‘mea’
909 1998 1047 2051 inquit
1078 1998 1253 2052 ‘Aeme,

273 2053 332 2095 Ni
361 2056 402 2095 te
432 2054 594 2108 perdite
625 2068 718 2095 amo
750 2056 873 2108 atque
905 2068 1043 2094 amare
1074 2067 1198 2107 porro

276 2109 432 2150 Omnes
464 2123 567 2150 sum·
586 2110 757 2150 adsidue
787 2111 958 2163 paratus
990 2123 1119 2149 annos

275 2164 485 2213 Quantum
517 2165 587 2219 qui
616 2167 714 2219 pote
745 2165 971 2218 plurimum
1001 2164 1154 2218 perire,

275 2219 397 2261 Solus
428 2221 474 2261 in
503 2221 636 2274 Libya
665 2219 837 2261 Indiave
867 2222 979 2261 tosta

275 2275 422 2317 Caesio
453 2277 618 2317 veniam
649 2276 796 2316 obvius
827 2276 970 2316 leoni)

274 2330 367 2373 Hoc
397 2333 444 2372 ut
475 2331 598 2386 dixit,
630 2332 780 2385 Amor,
814 2332 984 2372 sinistra
1013 2333 1060 2372 ut
1090 2334 1207 2386 ante,
