1601 2697
122 142 218 188 ΧΠ]

677 138 829 174 LIBER.

235 247 330 290 Sive
361 260 443 300 qua
472 245 826 299 septemgeminus
857 244 1016 285 colorat

499 302 695 354 Aequora
723 299 868 354 Nilus,

234 358 329 399 Sive
357 359 475 397 trans
505 356 610 396 altas
640 332 868 417 gradietur
883 355 1035 408 Alpes,

235 412 425 454 Caesaris
455 411 594 452 visens
624 410 884 450 monimenta
912 410 1075 464 magni,

234 467 442 509 Gallicum
470 465 681 518 Rhenum,
712 464 912 505 horribile
943 478 1098 518 aequor
1125 464 1221 505 ulti-

499 535 673 574 mosque
701 519 950 573 Britannos,

235 577 390 619 Omnia
417 576 538 629 haec,
572 589 856 629 quaecumque
886 575 993 615 feret
1022 575 1214 615 voluntas

234 632 462 685 Caelitum,
492 634 697 685 temptare
728 630 852 671 simul
880 630 1036 684 parati,

233 688 372 729 Pauca
401 687 592 727 nuntiate
621 700 737 726 meae
767 686 930 739 puellae

501 741 601 783 Non
630 742 743 782 bona
772 741 894 782 dicta.

235 798 340 839 Cum
370 798 454 838 suis
483 798 597 838 vivat
624 797 841 849 valeatque
870 795 1076 849 moechis,

233 853 347 901 Quos
377 853 501 893 simul
532 852 735 906 conplexa
763 854 880 892 tenet
907 854 1138 904 trecentos,

235 907 413 950 Nullum
443 922 588 949 amans
617 921 732 960 vere,
764 906 837 947 sed
866 906 1095 947 identidem
1126 906 1313 947 omnium

502 963 580 1004 Ilia
608 976 827 1016 rumpens:

234 1018 325 1060 Nec
355 1033 495 1060 meum
524 1020 749 1071 respectet,
779 1020 827 1058 ut
855 1020 972 1070 ante,
1004 1031 1209 1071 amorem,

235 1074 316 1122 Qui
345 1074 457 1115 illius
489 1075 612 1127 culpa
641 1073 791 1114 cecidit
819 1073 934 1113 velut
961 1073 1071 1126 prati

234 1129 384 1171 Vltimi
412 1129 510 1182 flos,
541 1132 705 1182 praeter
735 1134 858 1168 eunte
887 1131 1111 1182 postquam

505 1184 657 1225 Tactus
689 1185 880 1224 aratrost.

706 1308 810 1356 XII.

235 1384 473 1425 Marrucine
502 1384 645 1437 Asini,
675 1398 804 1424 manu
834 1383 1004 1424 sinistra

234 1440 335 1481 Non
364 1440 473 1480 belle
502 1439 631 1480 uteris
661 1440 706 1480 in
735 1439 827 1480 ioco
859 1442 982 1492 atque
1011 1439 1133 1481 vino:

237 1495 369 1536 Tollis
399 1495 530 1535 lintea
558 1495 934 1549 neglegentiorum.

235 1550 330 1591 Hoc
361 1550 517 1591 salsum
547 1564 636 1591 esse
667 1550 818 1604 putas?
849 1550 961 1604 fugit
988 1553 1049 1603 te,
1080 1550 1243 1604 inepte:

237 1605 436 1654 Quamvis
467 1605 636 1646 sordida
664 1620 729 1646 res
761 1607 803 1646 et
831 1605 1106 1646 invenustast.

236 1660 339 1702 Non
368 1661 501 1702 credis
531 1660 665 1701 mihi?
703 1661 822 1701 crede
852 1660 1019 1702 Polioni

237 1716 393 1768 Fratri,
424 1717 496 1770 qui
524 1718 598 1757 tua
628 1716 740 1756 furta
768 1716 835 1757 vel
863 1716 1025 1757 talento

236 1771 394 1813 Mutari
423 1771 541 1812 velit:
574 1774 638 1812 est
667 1772 779 1812 enim
808 1771 999 1825 leporum

237 1826 430 1868 Disertus
459 1841 562 1880 puer
592 1841 639 1868 ac
668 1826 928 1868 facetiarum.

237 1881 372 1931 Quare
403 1884 476 1922 aut
503 1881 874 1935 hendecasyllabos
906 1885 1117 1924 trecentos

237 1937 426 1991 Expecta
455 1939 527 1978 aut
554 1937 658 1978 mihi
687 1938 864 1978 linteum
892 1939 1080 1991 remitte,

238 1992 360 2041 Quod
388 2007 455 2033 me
483 2006 572 2033 non
600 1995 741 2034 movet
769 1993 1081 2046 aestimatione,

238 2047 438 2089 Verumst
465 2062 786 2101 mnemosynum
815 2049 898 2089 mei
927 2048 1093 2089 sodalis.

237 2102 280 2144 N
283 2117 350 2144 am
381 2103 546 2144 sudaria
575 2102 751 2145 Saetaba
781 2118 831 2144 ex
860 2103 1054 2145 Hibereis

238 2158 446 2199 Miserunt
472 2158 577 2199 mihi
605 2159 769 2200 muneri
798 2159 997 2200 Fabullus

239 2213 298 2254 Et
326 2213 553 2256 Veranius:
583 2214 687 2256 haec
716 2229 854 2255 amem
882 2217 1094 2256 necessest

240 2268 300 2310 Vt
324 2268 597 2311 Veraniolum
625 2284 764 2311 meum
794 2273 836 2311 et
864 2270 1099 2311 Fabullum.

1354 417 1396 447 10

1353 970 1396 1001 ‘20

1358 1892 1400 1922 10

1360 2169 1400 2199 15
