1601 2697
197 927 238 958 10

199 1888 242 1919 10

732 228 933 266 CATVLLI
1007 232 1010 236 ·
1323 227 1470 275 [mL

742 338 914 385 XXXL

275 420 624 461 Paeninsularum
635 452 645 472 ‚
678 419 830 461 Sirmio
841 452 852 472 ‚
883 419 1199 472 insularumque

278 475 438 529 Ocelle,
470 489 750 529 quascumque
779 475 824 515 in
854 475 1108 528 liquentibus
1140 474 1300 529 stagnis

276 530 466 584 Marique
496 533 614 571 vasto
648 531 728 571 fert
757 532 930 584 uterque
961 529 1200 583 Neptunus,

276 586 410 634 Quam
439 588 482 627 te
511 587 690 627 libenter
720 599 925 639 quamque
956 585 1090 626 laetus
1120 585 1277 636 inviso,

278 641 362 682 Vix
391 641 450 682 mi
480 642 569 695 ipse
601 641 773 682 credens
804 640 1011 694 Thyniam
1042 643 1164 694 atque
1194 639 1402 693 Bithynos

276 697 467 750 Liquisse
498 711 667 750 campos
699 699 741 737 et
769 696 909 737 videre
940 698 980 737 te
1011 696 1056 737 in
1086 698 1190 737 tuto.

278 752 313 793 O
343 752 445 806 vquid
476 752 624 794 solutis
655 754 719 793 est
747 752 910 792 beatius
943 752 1073 804 curis,

278 808 385 849 Cum
415 822 533 848 mens
565 822 670 849 onus
699 808 887 861 reponit,
918 821 965 848 ac
995 807 1218 862 peregrino

277 863 440 904 Labore
471 863 571 904 fessi
601 863 791 904 venimus
821 863 952 903 larem
983 862 1035 903 ad
1063 865 1256 904 nostrum

278 918 604 972 Desideratoque
635 919 938 972 acquiescimus
968 918 1090 959 lecto.

278 974 372 1015 Hoc
403 977 484 1027 est,
517 974 628 1028 quod
658 976 828 1015 unumsss
856 987 932 1027 pro
964 972 1177 1014 laboribus
1207 972 1351 1015 tantis.

279 1029 421 1083 Salve,
453 1044 476 1070 o
507 1032 685 1070 venusta
715 1028 888 1082 Sirmio,
920 1031 1043 1082 atque
1075 1042 1144 1069 ero
1175 1028 1330 1083 gaude:

280 1085 467 1126 Gaudete
497 1099 674 1139 vosque,
707 1099 730 1125 ο
761 1084 919 1125 Libuae
950 1085 1065 1125 lacus
1095 1084 1252 1125 undae:

276 1139 449 1194 Ridete,
487 1140 687 1194 quidquid
718 1142 781 1181 est
812 1140 925 1180 domi
956 1140 1269 1181 cachinnorum.

732 1299 928 1346 XXXH.

396 1379 583 1432 Amabo,
614 1394 707 1420 mea
736 1380 869 1421 dulcis
899 1379 1130 1434 Ipsithilla‚

397 1435 517 1476 Meae
549 1435 743 1489 deliciae,
774 1436 857 1476 mei
887 1436 1068 1489 lepores,

397 1490 501 1532 Iube
532 1490 584 1531 ad
614 1493 656 1531 te
685 1491 852 1532 veniam
881 1490 1160 1531 meridiatum.

397 1546 456 1587 Et
486 1547 521 1587 si
550 1546 719 1586 iusseris
750 1547 872 1600 illud,
904 1546 1120 1598 adiuvato,

398 1601 559 1655 Nequis
590 1601 747 1642 liminis
779 1602 946 1643 obseret
974 1602 1192 1654 tabellam,

397 1657 494 1698 Neu
523 1657 600 1697 tibi
631 1657 773 1698 lubeat
801 1658 914 1700 foras
945 1657 1079 1710 abire,

400 1712 482 1753 Sed
513 1712 626 1753 domi
654 1727 824 1754 maneas
855 1727 1057 1767 paresque
1087 1712 1209 1753 nobis

399 1768 564 1809 Novem
594 1769 814 1809 continuas
845 1769 1088 1810 fututiones.

398 1823 577 1876 Verum,
610 1824 746 1877 siquid
777 1839 894 1879 ages,
925 1824 1069 1865 statim
1098 1823 1261 1864 iubeto:

396 1878 507 1920 Nam
538 1894 716 1933 pransus
745 1881 862 1921 iaceo
893 1882 935 1921 et
965 1882 1079 1920 satur
1109 1879 1282 1932 supinus

399 1934 612 1976 Pertundo
643 1936 910 1989 tunicamque
940 1935 1211 1990 palliumque.

724 2087 943 2134 XXXJH.

402 2168 437 2210 O
468 2169 607 2209 furum
638 2169 794 2222 optime
824 2168 1135 2209 balneariorum

399 2223 586 2265 Vibenni
616 2227 752 2277 pater,
785 2226 827 2264 et
858 2224 1027 2265 cinaede
1058 2224 1139 2276 fili,

424 2279 535 2321 Nam
566 2279 710 2320 dextra
740 2282 860 2333 pater
890 2279 1192 2333 inquinatiore,

433 2335 508 2375 vulo
539 2335 649 2375 filius
681 2338 744 2375 est
773 2335 1006 2388 voraciore)

398 2390 483 2432 Cur
512 2404 601 2431 non
631 2390 801 2431 exilium
831 2390 1042 2444 malasque
1072 2390 1118 2431 in
1148 2402 1243 2430 oras
