1574 2692
195 107 251 149 64
737 110 942 147 CATVLLI
1265 111 1473 157 [LXXXIIL

279 219 414 273 Mule,
446 219 553 260 nihil
585 219 727 260 sentis.
769 220 805 260 si
834 219 968 261 nostri
999 219 1128 260 oblita
1157 220 1334 271 taceret,

338 274 448 315 Sana
480 277 608 316 esset:
639 289 751 316 nunc
783 275 894 329 quod
923 275 1076 329 gannit
1106 277 1147 316 et
1176 274 1437 328 obloquitur,

238 339 258 369 5
279 329 379 371 Non
401 331 536 371 solum
557 331 769 384 meminit,
799 331 871 371 sed
892 344 997 384 quae
1017 330 1149 371 multo
1173 330 1307 371 acrior
1325 331 1389 370 est
1407 343 1474 372 res

337 385 505 426 Iratast.
547 385 643 427 Hoc
673 389 758 439 est,
789 387 925 427 uritur
955 389 996 427 et
1027 386 1230 439 coquitur.

690 526 974 574 LXXXHH.

283 607 543 649 Chommoda
574 607 758 661 dicebat,
790 609 825 649 si
856 609 1022 662 quando
1053 608 1272 649 commoda
1302 608 1430 649 vellet

337 663 506 716 Dicere,
539 666 581 704 et
609 664 784 704 insidias
816 664 964 705 Arrius
994 664 1219 714 hinsidias,

278 716 339 760 Et
368 722 457 759 tum
487 719 662 760 mirifice
693 719 889 773 sperabat
918 734 961 761 se
993 734 1082 760 esse
1113 719 1319 772 locutum,

340 774 445 815 Cum
477 777 679 828 quantum
709 777 875 829 poterat
905 774 1065 816 dixerat
1093 774 1309 816 hinsidias.

241 839 260 868 5
283 828 440 883 Credo,
473 831 532 871 sic
562 833 713 883 mater,
745 831 805 871 sic
835 830 959 871 Liber
989 831 1216 872 avonculus
1247 831 1354 884 eius,

339 885 408 927 Sic
437 888 650 926 maternus
682 900 782 927 avos
813 886 973 927 dixerat
1003 889 1126 941 atque
1156 886 1260 927 avia.

282 940 378 982 Hoc
406 942 536 982 misso
568 942 612 982 in
644 941 807 995 Syriam
836 943 1076 995 requierant
1112 942 1307 983 omnibus
1337 956 1475 985 aures:

339 997 558 1037 Audibant
587 997 731 1038 eadem
761 997 865 1038 haec
895 998 1046 1039 leniter
1076 1000 1117 1039 et
1147 998 1313 1051 leviter,

283 1051 373 1093 Nec
404 1053 482 1093 sibi
512 1053 684 1107 postilla
713 1053 957 1094 metuebant
987 1054 1088 1094 talia
1116 1053 1260 1105 verba,

221 1116 263 1147 10
341 1107 446 1149 Cum
479 1109 617 1149 subito
649 1108 835 1150 adfertur
863 1110 1036 1150 nuntius
1066 1109 1301 1162 horribilis,

283 1163 427 1204 Ionios
457 1164 629 1217 fluctus,
661 1167 884 1218 postquam
915 1165 1014 1206 illuc
1045 1166 1192 1206 Arrius
1223 1165 1344 1218 isset,

339 1219 428 1260 lam
458 1233 545 1260 non
576 1219 717 1260 Ionios
748 1235 856 1273 esse,
889 1220 962 1261 sed
991 1220 1185 1261 Hionios.

720 1361 952 1409 LXXXV.

284 1441 364 1483 Odi
395 1444 436 1483 et
466 1456 573 1484 amo.
615 1457 740 1497 quare
771 1442 813 1490 id
842 1443 1012 1496 faciam,
1044 1443 1221 1484 fortasse
1250 1443 1440 1498 requiris.

339 1498 512 1551 Nescio,
544 1498 617 1539 sed
646 1499 736 1539 fieri
767 1499 902 1539 sentio
935 1502 976 1539 et
1006 1499 1232 1540 excrucior.

707 1640 966 1688 LXXXVL

286 1721 457 1770 Quintia
486 1721 714 1762 formosast
741 1722 907 1775 multis,
939 1722 1042 1763 mihi
1073 1722 1269 1776 candida,
1300 1723 1449 1778 longa,

342 1778 524 1818 Rectast.
565 1777 669 1819 haec
700 1792 778 1832 ego
811 1779 870 1819 sic
902 1778 1068 1832 singula
1095 1778 1320 1832 confiteor,

285 1832 439 1873 Totum
470 1833 573 1873 illud
602 1834 787 1874 formosa
816 1847 948 1888 nego:
986 1848 1083 1874 nam
1113 1835 1229 1875 nulla
1258 1837 1475 1889 venustas,

341 1889 470 1929 Nulla
499 1889 543 1929 in
573 1892 660 1929 tam
690 1892 889 1944 magnost
920 1903 1093 1943 corpore
1123 1890 1231 1931 mica
1261 1890 1371 1931 salis.

242 1952 263 1983 ὅ
284 1943 436 1984 Lesbia
466 1944 713 1998 formosast,
753 1959 858 1999 quae
889 1960 983 1987 cum
1012 1945 1294 1999 pulcherrima
1322 1948 1474 2001 totast,

341 1999 447 2040 Tum
478 2001 673 2041 omnibus
704 2015 787 2041 una
817 2015 961 2042 omnes
992 2001 1193 2055 surripuit
1221 2000 1418 2043 Veneres.

693 2143 974 2190 LXXXVII.

282 2221 411 2264 Nulla
441 2225 582 2277 potest
611 2224 761 2264 mulier
791 2226 954 2264 tantum
986 2238 1028 2265 se
1060 2224 1195 2265 dicere
1226 2226 1406 2266 amatam

340 2279 469 2332 Vere,
502 2282 705 2333 quantum
737 2293 761 2320 a
790 2293 857 2320 me
887 2279 1037 2321 Lesbia
1068 2282 1205 2321 amata
1234 2279 1373 2322 mea’s.
