1574 2692
177 100 232 142 66
717 105 919 141 CATVLLI
1215 106 1461 152 [LXXXVIII.

665 214 972 263 LXXXVIII.

265 300 376 350 Quid
405 301 508 342 facit
536 301 592 355 is,
625 300 753 355 Gelli,
786 302 857 356 qui
888 316 982 343 cum
1010 304 1144 343 matre
1175 303 1298 356 atque
1320 315 1462 343 sorore

323 357 466 398 Prurit
496 359 537 398 et
567 357 740 398 abiectis
770 358 997 412 pervigilat
1024 358 1210 398 tunicis?

265 411 375 461 Quid
396 413 529 454 facit
518 428 566 476 13,
583 415 779 467 patruom
801 414 871 466 qui
891 427 980 454 non
1000 414 1102 454 sinit
1122 428 1212 454 esse
1233 413 1461 454 maritum?

325 468 462 522 Ecqui
492 469 572 509 scis
604 471 806 522 quantum
837 469 1038 523 suscipiat
1067 469 1265 510 sceleris?

224 532 245 562 ὅ
269 523 472 577 Suscipit,
506 538 529 565 o
563 523 691 577 Gelli,
725 527 928 578 quantum
957 539 1045 565 non
1073 525 1221 565 ultima
1251 524 1408 578 Tethys

323 579 364 620 N
368 593 414 620 ec
444 580 614 633 genitor
644 579 910 633 lympharum
941 580 1075 621 abluit
1104 581 1317 623 Oceanus:

266 633 378 676 Nam
415 635 524 676 m'hil
570 637 635 676 est
672 636 894 689 quicquam
938 636 1125 690 30010113,
1172 650 1253 690 quo
1290 635 1465 690 prodeat

989 692 1120 746 ultra,

322 745 424 788 Non
454 747 490 788 31
521 746 702 788 demisso
735 761 778 789 se
809 748 899 802 ipse
929 750 1048 789 voret
1078 748 1224 802 capite.

656 899 984 949 LXXXVHH.

271 980 431 1023 Gellius
463 983 527 1022 est
554 981 714 1023 tenuis:
747 982 845 1036 quid
875 982 950 1023 ni?
983 982 1049 1023 cui
1078 984 1165 1023 tam
1192 982 1304 1023 bona
1333 984 1467 1024 mater

327 1037 512 1091 Tamque
542 1038 685 1078 valens
715 1038 830 1078 vivat
859 1040 1027 1092 tamque
1058 1040 1234 1080 venusta
1265 1052 1383 1079 soror

271 1093 458 1146 Tamque
481 1094 615 1134 bonus
635 1095 808 1147 patruos
829 1096 998 1148 tamque
1015 1095 1156 1135 omnia
1171 1094 1297 1148 plena
1315 1093 1466 1148 puellis

328 1148 553 1203 Cognatis‚
586 1163 712 1203 quare
742 1149 777 1190 13
808 1149 973 1190 desinat
1003 1164 1092 1191 esse
1122 1149 1290 1191 macer?

229 1213 250 1244 ὅ
273 1204 353 1253 Qui
382 1206 431 1245 ut
458 1204 567 1246 nihil
597 1205 790 1260 attingit,
828 1206 912 1246 nisi
943 1206 1054 1260 quod
1084 1206 1146 1247 fas
1177 1208 1351 1260 tangere
1380 1219 1469 1246 non

996 1264 1077 1315 031,

328 1315 606 1365 Quantumvis
637 1330 763 1370 quare
795 1317 850 1358 sit
880 1331 1019 1358 macer
1048 1317 1250 1358 invenies.

703 1458 944 1506 LXXXX.

272 1538 483 1583 Nascatur
511 1554 661 1595 magus
693 1554 743 1580 ex
775 1540 886 1581 Gelli
916 1541 1144 1594 matrisque
1172 1539 1357 1581 nefando

331 1595 539 1650 Coniugio
571 1599 612 1637 et
643 1596 776 1637 discat
805 1595 1020 1638 Persicum
1051 1596 1324 1650 aruspicium:

273 1652 386 1695 Nam
414 1666 562 1706 magus
595 1667 645 1693 ex
674 1654 807 1692 matre
838 1654 879 1692 et
907 1655 1038 1715 gnato
1060 1653 1261 1707 gignatur
1291 1653 1469 1706 oportet,

332 1708 377 1749 Si
406 1710 546 1749 verast
573 1707 797 1749 Persarum
826 1708 944 1761 inpia
972 1708 1158 1763 relligio,

234 1773 254 1803 ὅ
275 1764 419 1805 Navos
449 1766 496 1804 ut
527 1765 698 1818 accepto
729 1766 950 1805 veneretur
981 1764 1164 1805 0311111110
1195 1763 1312 1804 divos

335 1820 563 1861 Omentum
593 1820 639 1860 in
668 1820 836 1860 flamma
865 1820 1022 1875 pingue
1052 1819 1340 1873 liquefaciens.

696 1974 954 2021 LXXXXI.

275 2053 376 2097 Non
406 2055 520 2108 ideo,
554 2054 684 2109 Gelli,
723 2055 941 2109 sperabam
971 2058 1013 2096 te
1043 2055 1148 2096 mihi
1177 2055 1305 2095 fidum

333 2110 383 2151 In
413 2112 566 2152 misero
597 2110 678 2152 hoc
707 2114 874 2165 nostro,
906 2115 984 2152 1100
1013 2111 1178 2165 perdito
1201 2125 1342 2152 amore
1369 2110 1473 2164 fore,

279 2165 401 2215 Quod
430 2170 472 2208 te
505 2181 756 2222 cognossem
786 2168 892 2208 bene
924 2170 1240 2208 constantemve
1269 2169 1461 2220 putarem

334 2223 423 2263 Aut
451 2237 576 2277 posse
608 2238 632 2264 a
661 2224 775 2277 turpi
805 2225 990 2264 mentem
1020 2223 1209 2264 inhibere
1239 2223 1417 2277 prob1·0‚

235 2287 254 2317 ὅ
277 2277 358 2320 Sed
374 2293 509 2333 neque
521 2279 632 2334 quod
648 2282 824 2320 matrem
837 2294 913 2320 nec
924 2294 1168 2334 germanam
1183 2293 1271 2320 esse
1283 2278 1474 2320 videbam
