1601 2697
100 205 242 248 LXIII.]
656 202 808 238 LIBER.
1320 199 1376 241 39

102 310 350 365 Pepulitque
379 309 515 350 noctis
544 310 714 351 umbras
743 310 903 365 vegetis
935 309 1224 364 sonipedibus,

103 366 168 406 Ibi
199 365 378 406 Somnus
408 365 585 406 excitam
614 366 738 406 Attin
767 365 935 419 fugiens
966 365 1072 406 citus
1103 365 1226 406 abiit:

101 420 356 474 Trepidante
387 434 480 460 eum
509 421 667 474 recepit
697 420 773 462 dea
801 420 998 461 Pasithea
1027 421 1133 461 sinu.

102 475 169 516 Ita
199 475 248 516 de
279 475 416 528 quiete
444 476 563 516 molli
592 475 737 529 rapida
767 475 857 516 sine
886 476 1000 516 rabie
1381 520 1384 521 ⁷

102 529 237 572 Simul
266 531 356 583 ipsa
384 533 552 584 pectore
581 531 695 571 Attis
726 545 799 571 sua
828 531 939 571 facta
967 531 1162 583 recoluit,
1332 538 1375 570 45

102 585 360 639 Liquidaque
389 588 529 626 mente
559 585 664 626 vidit
693 586 782 626 sine
814 586 929 639 queis
959 586 1113 639 ubique
1143 586 1271 638 foret,

102 641 259 681 Animo
291 642 505 681 aestuante
534 655 678 681 rusum
706 640 885 681 reditum
916 641 966 681 ad
995 641 1101 681 vada
1129 641 1283 682 tetulit.

103 695 169 736 Ibi
198 696 328 736 maria
355 698 472 736 vasta
501 696 638 736 visens
669 696 984 737 lacrimantibus
1015 697 1165 749 0011113,

103 750 288 791 Patriam
318 751 498 791 allocuta
526 753 726 792 maestast
755 752 814 792 ita
842 765 943 792 voce
972 752 1191 792 miscriter.

105 806 268 847 ‘Patria
298 819 322 846 0
352 807 435 846 11161
465 807 660 859 creatrix,
690 807 827 860 patria
857 821 881 847 o
911 821 1004 847 mea
1033 807 1245 861 genetrix,
1332 813 1377 846 50

103 861 198 915 Ego
222 875 345 915 quam
373 862 501 903 miser
529 862 791 915 relinquens,
825 862 1017 903 dominos
1037 864 1084 902 ut
1105 863 1292 916 erifugae

104 916 269 957 Famuli
299 917 455 970 solent,
487 916 540 957 ad
568 917 666 958 Idae
695 918 816 958 tetuli
845 931 1019 958 nemora
1047 917 1215 971 pedem,

104 971 164 1013 Vt
193 974 295 1025 aput
323 972 461 1013 nivem
492 974 533 1013 et
562 972 742 1013 ferarum
771 973 911 1027 gelida
941 973 1105 1013 stabula
1134 973 1266 1013 forem

104 1027 162 1069 Et
192 1042 333 1068 earum
363 1029 508 1081 operta
538 1027 695 1068 adirem
723 1028 949 1069 furibunda
978 1028 1180 1068 latibula?

104 1082 288 1123 Vbinam
309 1085 382 1123 aut
402 1083 550 1136 quibus
571 1083 674 1124 locis
694 1086 736 1124 te
756 1084 955 1137 positam,
986 1084 1141 1137 patria,
1172 1083 1295 1124 reor?
1334 1090 1378 1123 55

106 1137 234 1192 Cupit
262 1138 354 1192 ipsa
382 1138 541 1192 pupula
571 1138 622 1179 ad
651 1140 692 1179 te
723 1139 802 1179 sibi
834 1138 1012 1193 dirigere
1043 1139 1194 1192 aciem,

105 1193 240 1234 Rabie
268 1194 358 1234 fera
387 1207 531 1234 carens
563 1193 661 1234 dum
690 1194 813 1235 breve
842 1196 1007 1248 tempus
1038 1194 1201 1235 animus
1233 1196 1307 1235 est.

105 1248 256 1303 Egone
285 1262 309 1289 a
328 1263 420 1290 mea
439 1251 601 1290 remota
619 1249 723 1290 haec
749 1249 859 1290 ferar
880 1251 925 1290 in
944 1264 1117 1290 nemora
1138 1249 1292 1290 domo?

106 1304 265 1357 Patria,
295 1304 437 1357 bonis,
469 1305 612 1345 amicis
621 1337 632 1357 ,
663 1305 926 1359 genitoribus
957 1305 1111 1346 abero?

105 1360 247 1400 Abero
278 1359 390 1412 foro,
420 1360 647 1413 palaestra,
681 1359 815 1400 stadio
846 1362 888 1401 et
916 1360 1192 1415 guminasiis‘?
1336 1368 1380 1400 60

106 1415 236 1456 Miser
273 1428 298 1455 a
334 1415 480 1467 miser,
512 1415 809 1468 querendumst
839 1416 964 1456 etiam
995 1418 1119 1469 atque
1149 1415 1295 1468 etiam,

911 1485 1060 1511 anime.

108 1525 229 1574 Quod
245 1526 355 1567 enim
372 1540 504 1580 genus
521 1527 732 1581 figuraest,
751 1540 829 1581 ego
845 1540 933 1567 non
949 1526 1060 1580 quod
1075 1525 1323 1567 habuerim?

106 1581 202 1636 Ego
223 1581 384 1634 mulier,
406 1595 484 1636 ego
507 1582 763 1635 adolescens,
789 1596 865 1636 ego
889 1581 1085 1636 ephebus,
1109 1595 1186 1636 ego
1209 1595 1323 1635 puer,

105 1636 202 1691 Ego
233 1637 441 1691 guminasi
470 1637 533 1678 fui
560 1637 657 1690 flos,
690 1651 767 1692 ego
799 1651 912 1678 eram
942 1637 1066 1678 decus
1097 1636 1197 1677 olei:

108 1691 215 1732 Mihi
244 1693 393 1732 ianuae
422 1692 680 1746 frequentes,
711 1692 815 1733 mihi
845 1693 991 1733 limina
1020 1692 1182 1745 tepida,
1339 1699 1382 1730 65

108 1746 216 1787 Mihi
244 1746 403 1787 floridis
434 1748 601 1788 corollis
630 1747 825 1788 redimita
855 1748 1002 1788 domus
1034 1750 1140 1799 erat,

109 1801 402 1856 Linquendum
429 1802 502 1843 ubi
532 1805 642 1843 esset
671 1805 762 1844 orto
793 1803 897 1844 mihi
927 1803 1014 1844 sole
1046 1802 1295 1843 cubiculum.

108 1857 204 1912 Ego
234 1871 346 1898 nunc
368 1857 489 1898 deum
509 1859 701 1899 ministra
722 1861 764 1899 et
784 1858 962 1912 Cybeles
983 1858 1140 1899 famula,
1158 1857 1296 1898 ferar?

109 1912 204 1967 Ego
234 1912 428 1966 Maenas,
460 1927 538 1968 ego
568 1914 651 1954 mei
680 1928 777 1968 pars
787 1946 798 1967 ,
830 1928 908 1968 ego
938 1914 1002 1954 vir
1032 1913 1184 1954 sterilis
1216 1912 1317 1953 ero?

109 1967 205 2022 Ego
235 1968 379 2009 viridis
410 1968 550 2023 algida
578 1969 677 2009 Idae
707 1970 803 2010 nive
834 1969 987 2010 amicta
1016 1969 1109 2010 loca
1139 1967 1304 2009 colam?
1341 1975 1385 2006 70

110 2023 206 2077 Ego
236 2024 365 2064 vitam
395 2038 517 2078 agam
549 2024 625 2064 sub
654 2024 749 2065 altis
769 2024 978 2079 Phrygiae
999 2023 1298 2075 columinibus,

111 2077 196 2119 Vbi
226 2092 346 2120 cerva
375 2079 640 2132 silvicultrix,
671 2080 743 2120 ubi
773 2094 871 2133 aper
900 2077 1224 2132 nemorivagus‘?

111 2131 203 2173 Iam
232 2135 316 2175 iam
347 2134 461 2175 dolet
489 2134 600 2187 quod
631 2135 717 2189 egi,
748 2135 831 2174 iam
861 2135 1025 2188 iamque
1055 2134 1271 2187 paenitet.'

111 2188 262 2230 Roseis
289 2190 337 2230 ut
364 2188 462 2229 huic
490 2189 652 2230 labellis
684 2191 844 2230 sonitus
876 2190 985 2230 celer
1014 2189 1136 2241 abiit,

114 2243 314 2285 Geminas
344 2244 516 2285 deorum
547 2245 599 2285 ad
630 2258 748 2285 aures
777 2258 887 2285 nova
915 2245 1064 2285 nuntia
1092 2243 1297 2296 referens,
1343 2251 1385 2282 75

113 2297 179 2340 Ibi
208 2300 351 2340 iuncta
379 2299 478 2354 iuga
505 2300 717 2341 resolvens
747 2299 902 2353 Cybele
932 2299 1123 2341 leonibus

113 2353 376 2409 Laevumque
404 2355 568 2410 pecoris
598 2354 764 2396 hostem
794 2355 1013 2395 stimulans
1043 2355 1102 2395 ita
1131 2354 1329 2408 loquitur.
