1574 2692
109 105 166 147 52
645 108 847 144 cATVLLI
1264 109 1386 154 [LXV.

196 216 344 264 Qualia
374 216 450 257 sub
481 215 621 257 densis
651 230 861 256 ramorum
892 216 1079 257 concinit
1107 215 1265 256 umbris

251 271 423 312 Daulias
454 272 663 325 absumpti
695 272 781 311 fata
809 285 982 326 gemens
1012 270 1154 325 Itylei)
1188 296 1240 301 —-

131 335 172 366 15
195 326 276 369 Sed
305 329 449 368 tamen
470 328 515 367 in
534 327 663 367 tantis
685 327 962 377 maeroribus,
995 326 1157 379 Ortale,
1188 327 1311 367 mitto

250 382 368 423 Haec
399 397 595 435 expressa
623 382 702 422 tibi
733 382 917 422 carmina
945 382 1184 435 Battiadae,

193 437 260 479 Ne
289 439 363 478 tua
392 437 504 478 dicta
532 438 649 492 vagis
681 438 932 491 nequiquam
963 437 1120 478 credita
1149 437 1284 478 ventis

251 493 478 534 Effluxisse
509 507 601 533 meo
632 492 742 534 forte
773 495 893 546 putes
924 493 1085 545 animo,

194 548 255 589 Vt
283 549 458 589 missum
488 549 633 602 sponsi
663 548 817 588 furtivo
848 563 1019 589 munere
1049 548 1205 589 malum

129 613 173 643 20
249 604 464 644 Procurrit
494 606 609 644 casto
640 603 815 658 virginis
847 618 868 644 e
898 604 1081 658 gremio,

196 659 317 708 Quod
346 659 521 700 miserae
551 659 706 699 oblitae
736 659 854 699 molli
885 659 962 700 sub
992 662 1106 699 veste
1136 659 1342 709 locatum„

253 714 366 755 Dum
398 714 578 755 adventu
608 715 753 755 matris
784 715 971 768 prosilit,
1002 714 1229 756 excutitur:

195 773 335 823 Atque
365 770 468 810 illud
498 784 632 823 prono
663 784 861 824 praeceps
892 771 1031 825 agitur
1061 770 1254 823 decursu,

251 825 361 866 Huic
391 829 535 866 manat
565 826 676 866 tristi
708 826 900 867 conscius
917 805 1002 866 oore
1032 826 1172 866 rubor.

665 967 831 1014 LXVI.

196 1048 350 1090 Omnia
379 1048 449 1102 qui
480 1048 625 1102 magni
655 1048 838 1101 dispexit
865 1048 1027 1088 lumina
1056 1048 1222 1099 mundi,

254 1103 334 1152 Qui
365 1104 580 1145 stellarum
611 1106 726 1144 ortus
758 1105 962 1157 comperit
991 1106 1114 1156 atquc
1145 1103 1305 1156 obitus,

195 1159 434 1201 Flammeus
464 1162 511 1200 ut
540 1159 674 1213 rapidi
705 1160 805 1200 solis
836 1160 950 1200 nitor
979 1160 1241 1211 obscuretur,

252 1215 312 1256 Vt
341 1215 491 1256 cedant
521 1215 645 1255 certis
677 1215 812 1256 sidera
840 1215 1120 1268 temporibus,

155 1279 175 1310 5
196 1270 256 1312 Vt
286 1270 469 1311 Triviam
500 1271 645 1311 furtim
677 1271 753 1311 sub
783 1270 947 1311 Latmia
977 1285 1076 1311 saxa
1105 1270 1297 1324 relegans

254 1326 398 1367 Dulcis
429 1340 547 1367 amor
576 1340 680 1380 gyro
713 1326 885 1367 devocet
915 1326 1045 1379 aerio,

197 1381 314 1423 Idem
345 1396 412 1422 me
442 1382 513 1422 ille
545 1381 694 1423 Conon
725 1382 893 1422 caelesti
923 1382 968 1422 in
999 1382 1156 1422 lumine
1187 1381 1292 1421 vidit

253 1437 289 1478 E
320 1437 552 1478 Beroniceo
583 1438 736 1478 v·e1tice
768 1438 991 1478 caesariem

199 1493 452 1547 Fulgentem
484 1493 613 1546 clare,
645 1507 769 1546 quam
801 1493 962 1534 cunctis
993 1493 1065 1533 illa
1095 1492 1265 1533 deorum

136 1558 177 1588 10
253 1548 380 1589 Levia
408 1548 663 1602 protendens
694 1548 866 1589 brachia
897 1549 1147 1602 pollicitast,

200 1604 292 1653 Qua
321 1619 392 1645 rex
423 1606 673 1658 tempestate
704 1619 814 1645 novo
846 1607 990 1645 auctus
1021 1604 1252 1657 hymenaeo

255 1659 478 1700 Vastatum
507 1660 603 1700 finis
634 1660 766 1700 iverat
795 1660 1012 1714 Assyrios,

198 1715 349 1757 Dulcia
377 1718 608 1756 nocturnae
638 1718 811 1778 portans
841 1716 1020 1770 vestigia
1049 1716 1182 1768 rixae,

257 1772 390 1820 Quam
421 1771 471 1812 de
503 1771 702 1834 virgineis
733 1773 921 1824 oesserat
950 1771 1119 1812 exuviis.

135 1834 176 1867 15
197 1827 330 1868 Estne
360 1827 480 1867 novis
510 1827 653 1880 nuptis
685 1806 780 1867 odio
810 1827 969 1867 venus?
1002 1841 1109 1867 anne
1138 1829 1359 1881 parentum

256 1883 528 1924 Frustrantur
558 1883 674 1923 falsis
705 1883 860 1937 oaudia
888 1883 1134 1935 lamimulis,

200 1938 394 1980 Vbertim
423 1938 599 1978 thalami
630 1952 731 1992 quas
763 1939 873 1979 intra
902 1939 1062 1979 lumina
1090 1915 1300 1978 fundunt?

256 1994 374 2047 Non,
406 1994 465 2034 ita
494 2008 561 2034 me
592 1993 695 2046 divi,
727 2008 824 2035 v·eia
854 1996 1046 2049 gemunt,
1079 1994 1242 2034 iuerint.

200 2049 250 2091 Id
281 2064 374 2090 mea
403 2064 469 2090 me
499 2049 643 2089 multis
675 2026 818 2090 docuit
846 2050 993 2104 regina
1022 2049 1217 2103 querellis

135 2114 178 2145 20
254 2105 469 2146 Invisente
498 2119 608 2145 novo
639 2105 797 2158 praelia
825 2108 945 2146 torva
974 2105 1074 2146 viro.

201 2162 270 2202 An
300 2163 346 2201 tu
375 2174 462 2201 non
493 2160 641 2201 orbum
671 2161 777 2201 luxti
806 2161 968 2202 deserta
999 2161 1152 2213 cubile,

259 2216 340 2257 Sed
369 2216 510 2256 fratris
541 2217 625 2257 cari
650 2216 788 2257 flebile
819 2216 1068 2257 discidium?

202 2272 336 2321 Quam
366 2272 533 2326 penitus
563 2274 742 2312 maestas
773 2272 934 2313 excedit
964 2286 1061 2313 cura
1090 2271 1312 2314 medullas!
