1601 2697
737 103 940 141 CATVLLI
1367 105 1480 152 [xm.

772 214 901 262 XIII.

313 289 493 333 Cenabis
524 289 651 342 bene,
681 290 741 330 mi
770 289 963 340 Fabulle,
995 289 1105 342 apud
1135 304 1202 331 me

313 345 484 398 Paucis,
517 346 552 385 si
581 345 659 385 tibi
691 345 732 385 di
762 345 925 397 favent,
957 344 1121 397 diebus,

316 400 360 442 Si
391 403 530 442 tecum
560 400 751 441 attuleris
781 400 937 441 bonam
968 403 1090 453 atque
1120 414 1319 456 magnam

315 456 494 509 Cenam‚
525 470 611 496 non
643 456 732 497 sine
764 455 941 497 candida
970 456 1110 509 puella

221 520 241 550 5
311 511 370 552 Et
398 512 495 552 vino
527 514 569 551 et
599 511 684 552 sale
715 513 757 551 elz
786 511 982 551 omnibus
1013 510 1240 552 cachinnis.

206 796 246 827 10

206 1718 248 1750 10

206 1996 247 2027 15

204 2273 248 2304 20

314 566 431 608 Haec
462 567 515 620 si,
547 567 738 620 inquam,
771 566 980 619 attuleris,
1011 569 1185 608 venuste
1215 569 1377 621 noster,

316 621 496 663 Cenabis
527 621 652 663 bene:
683 636 781 662 nam
810 622 872 662 tui
904 620 1059 663 Catulli

315 677 470 718 Plenus
502 677 692 718 sacculus
725 679 788 718 est
819 691 1076 718 aranearum.

316 732 398 774 Sed
429 734 575 773 contra
604 732 783 786 accipies
814 746 951 773 meros
982 746 1143 774 amores

314 788 396 829 Seu
427 787 527 841 quid
556 788 722 829 suavius
754 788 1100 842 elegantiusvest:

314 842 427 884 Nam
457 845 719 895 unguentum
750 842 878 896 dabo,
911 843 1022 896 quod
1052 857 1167 885 meae
1198 844 1363 898 puellae

315 898 543 939 Donarunt
572 897 758 939 Veneres
789 898 1120 952 Cupidinesque,

317 952 438 1002 Quod
467 955 514 993 tu
544 967 638 994 cum
670 953 861 1007 olfacies,
893 954 992 994 deos
1023 954 1193 1008 rogabis
1202 987 1212 1007 ,

316 1008 471 1050 Totum
499 1010 548 1050 ut
575 1011 617 1050 te
648 1009 825 1062 faciant,
856 1009 1052 1063 Fabulle,
1085 1024 1246 1051 nasum.

764 1134 915 1181 XHH.

315 1209 373 1251 Ni
403 1210 444 1250 te
474 1209 569 1263 plus
601 1209 733 1251 oculis
763 1209 867 1250 meis
898 1223 1101 1263 amarem,

315 1264 620 1306 Iocundissime
652 1264 797 1318 calve,
828 1279 1001 1306 munere
1031 1265 1112 1306 isto

317 1320 510 1361 Odissem
540 1323 581 1361 te
612 1320 708 1361 odio
739 1320 987 1361 Vatiniano:

316 1376 428 1417 Nam
460 1375 560 1431 quid
589 1375 671 1416 feci
702 1390 780 1431 ego
812 1376 962 1430 quidve
994 1390 1085 1417 sum
1116 1375 1302 1430 locutus,

317 1431 402 1474 Cur
432 1446 498 1473 me
527 1433 593 1472 tot
621 1431 730 1472 male
760 1431 954 1485 perderes
985 1431 1152 1485 poetis?

316 1487 395 1528 Isti
425 1487 467 1528 di
496 1487 608 1528 mala
636 1487 770 1527 multa.
800 1486 900 1528 dent
931 1487 1073 1528 clienti
1083 1519 1094 1540 ‚

318 1542 398 1591 Qui
428 1544 593 1583 tantum
623 1543 701 1583 tibi
731 1542 848 1583 misit
875 1542 1101 1596 inpiorum.

318 1598 439 1647 Quod
470 1598 525 1651 si,
556 1600 604 1639 ut
633 1598 841 1652 suspicor,
872 1598 954 1640 hoc
982 1611 1138 1639 novum
1169 1612 1216 1640 ac
1245 1600 1456 1653 repertum

317 1653 471 1694 Munus
503 1653 574 1694 dat
602 1654 681 1694 tibi
712 1653 827 1695 Sulla
857 1654 1087 1707 litterator,

314 1709 415 1751 Non
445 1711 509 1750 est
537 1709 596 1750 mi
625 1709 755 1762 male,
787 1709 860 1750 sed
890 1709 997 1750 bene
1027 1723 1074 1750 ac
1105 1709 1246 1764 beate,

317 1765 438 1813 Quod
466 1779 554 1806 non
585 1764 828 1818 dispereunt
855 1765 919 1805 tui
948 1764 1125 1806 labores.

316 1820 372 1861 Di
401 1821 566 1875 magni,
597 1819 842 1861 horribilem
873 1822 915 1861 el:
944 1834 1107 1861 sacrum
1137 1821 1327 1863 libellum

318 1876 452 1925 Quem
480 1879 528 1916 tu
559 1876 718 1917 scilicet
748 1876 800 1916 ad
829 1878 948 1917 tuum
980 1875 1193 1917 Catullum

316 1931 455 1985 Misti,
487 1931 687 1973 continuo
718 1933 766 1972 ut
795 1931 861 1972 die
891 1931 1066 1985 periret,

316 1987 628 2040 Saturnalibus,
661 1987 820 2041 optimo
852 1987 1032 2028 dierum!

316 2042 417 2084 Non
446 2056 534 2083 non
563 2042 644 2084 hoc
673 2042 771 2096 tibi,
804 2043 931 2096 salse,
963 2043 1023 2084 sic
1054 2043 1207 2085 abibit:

316 2098 447 2151 Nam,
480 2098 515 2138 si
543 2098 715 2152 luxerit,
749 2097 801 2138 ad
830 2098 1095 2139 librariorum

318 2152 493 2195 Curram
524 2154 698 2207 scrinia,
732 2153 921 2206 Caesios,
952 2153 1165 2207 Aquinos,

318 2208 555 2262 Suffenum,
587 2209 729 2250 omnia
759 2209 956 2263 colligam
986 2223 1168 2262 venena,

314 2265 379 2306 Ac
408 2267 450 2305 te
480 2264 546 2305 his
578 2264 795 2318 suppliciis
825 2264 1136 2306 remunerabor.
