1574 2692
233 108 288 152 62
772 109 827 145 CA
834 109 974 144 TVLLI
1333 110 1510 156 [Lxxm.

376 217 566 268 Prodest,
599 217 727 258 immo
760 216 886 257 etiam
915 215 1057 257 taedet
1086 215 1287 270 obestque
1317 218 1451 271 magis

275 282 296 314 ὅ
317 274 376 315 Vt
404 273 529 326 mihi,
561 287 684 327 quem
714 286 838 313 nemo
869 272 1038 326 gravius
1058 286 1134 313 nec
1157 272 1346 313 acerbius
1366 274 1511 327 urget,

374 329 508 378 Quam
537 328 663 369 modo
694 328 766 381 qui
798 341 865 368 me
896 342 1027 368 unum
1057 330 1198 423 atqueil
1209 328 1379 424 ulpictum
1410 329 1510 369 ami·

1047 397 1140 424 cum
1202 396 1226 423 a
1257 398 1298 424 111
1322 415 1330 424 .

750 508 989 555 LXXIIH.

317 595 479 638 Gellius
510 595 698 635 audierat
728 597 922 648 patruom
954 594 1175 649 obiurgare
1207 595 1361 649 solere,

373 651 512 704 Siquis
545 651 716 691 delicias
748 650 905 691 diceret
934 652 1007 691 aut
1035 650 1202 691 faceret.

314 706 409 748 Hoc
438 721 491 747 ne
522 707 602 760 ipsi
633 706 858 759 accideret,
890 706 1028 759 patrui
1057 705 1301 760 perdepsuit
1329 706 1464 760 ipsam

371 762 557 803 onrem
588 764 629 802 et
658 764 851 815 patruom
880 761 1063 802 reddidit
1091 760 1406 815 Harpocratem.

273 817 437 867 &Quod
467 818 602 858 voluit
631 817 751 858 fecit:
789 831 908 870 nam,
941 817 1130 870 quamvis
1161 818 1344 858 inrumet
1372 818 1511 871 ipsum

370 873 496 915 Nunc
526 876 743 927 patruom,
774 873 947 914 verbum
977 887 1066 913 non
1094 873 1222 913 faciet
1251 876 1434 926 patruos.

313 1123 423 1166 Rufe
453 1124 558 1165 mihi
588 1125 745 1164 frustra
775 1137 823 1165 ac
851 1123 1105 1177 nequiquam
1137 1123 1291 1165 credite
1322 1124 1455 1165 amico

372 1180 594 1234 (Frusti-a?
617 1180 744 1220 immo
767 1193 922 1233 magno
945 1193 1039 1220 cum
1060 1180 1196 1232 pretio
1219 1182 1344 1233 atque
1365 1179 1511 1234 malo),

316 1235 455 1277 Sicine
486 1236 696 1290 subrepsti
725 1235 827 1288 mei,
858 1237 981 1288 atque
1011 1235 1213 1276 intestina
1241 1249 1442 1289 perurens

370 1291 425 1332 Ei
454 1292 608 1333 misero
640 1291 832 1344 eripuisti
863 1290 1005 1331 onmia
1033 1293 1179 1331 nostra
1208 1290 1348 1332 bona?

271 1355 292 1386 5
313 1347 540 1400 Eripuisti‚
571 1346 653 1388 heu
683 1347 765 1387 heu
795 1348 964 1387 nostrae
996 1346 1161 1387 crudele
1191 1360 1399 1388 venenum

369 1402 514 1456 Vitae,
546 1402 628 1443 heu
657 1402 739 1443 heu
768 1404 938 1442 nostrae
968 1402 1098 1455 pestis
1130 1402 1349 1443 amicitiae.

315 1457 397 1500 Sed
426 1472 538 1499 nunc
569 1458 612 1498 id
643 1458 785 1511 doleo,
817 1457 929 1511 quod
958 1471 1087 1511 purae
1106 1472 1221 1511 ,pura
1249 1458 1413 1511 puellae

370 1513 493 1555 Savia
523 1514 757 1555 conminxit
787 1527 938 1567 spurca
969 1513 1101 1554 saliva
1129 1516 1213 1554 tua.

317 1569 471 1611 Verum
500 1569 544 1610 id
574 1584 662 1610 non
682 1570 840 1622 inpune
861 1569 990 1609 feres:
1022 1583 1120 1609 nain
1150 1571 1191 1609 te
1214 1569 1354 1609 omnia
1376 1569 1511 1610 saecla.

250 1634 292 1665 10
366 1625 575 1679 Noscent,
608 1627 650 1666 et
680 1626 750 1679 qui
781 1625 838 1665 sis
868 1624 981 1665 fama
1011 1624 1206 1678 loquetur
1236 1638 1353 1666 anus.

741 1788 1001 1837 LXXVIII.

311 1875 457 1917 Gallus
487 1876 616 1917 habet
651 1876 821 1930 fratres,
863 1878 1081 1930 quorumst
1118 1876 1376 1930 lepidissima
1412 1889 1508 1918 con·

1039 1947 1139 1972 iunx

367 1987 575 2040 Alterius,
606 1987 769 2041 lepidus
800 1988 910 2028 filius
941 1988 1124 2028 alterius.

312 2042 459 2084 Gallus
488 2043 658 2084 homost
686 2043 843 2085 bellus:
874 2058 974 2084 nam
1003 2043 1145 2084 dulces
1173 2043 1313 2098 iungit
1333 2057 1508 2098 amores,

368 2098 474 2140 Cum
505 2113 634 2152 puero
665 2101 713 2139 ut
741 2099 853 2140 bello
885 2099 997 2140 bella
1025 2099 1167 2153 puella
1197 2099 1331 2140 cubet.

269 2162 289 2194 5
312 2153 458 2195 Gallus
488 2153 660 2195 homost
690 2155 842 2195 stultus
872 2169 951 2195 nec
982 2169 1025 2195 se
1045 2155 1160 2195 videt
1182 2168 1270 2195 esse
1299 2155 1507 2210 maritum,

368 2209 448 2258 Qui
477 2213 651 2264 patruos
682 2211 821 2264 patrui
852 2213 1061 2251 monstret
1090 2210 1352 2251 adulterium.
