<?xml version="1.0" encoding="UTF-8"?>
<!DOCTYPE html PUBLIC "-//W3C//DTD XHTML 1.0 Transitional//EN"
    "http://www.w3.org/TR/xhtml1/DTD/xhtml1-transitional.dtd">
<html xmlns="http://www.w3.org/1999/xhtml" xml:lang="en" lang="en">
 <head>
  <title>
</title>
<meta http-equiv="Content-Type" content="text/html;charset=utf-8" />
  <meta name='ocr-system' content='tesseract 3.04.00' />
  <meta name='ocr-capabilities' content='ocr_page ocr_carea ocr_par ocr_line ocrx_word'/>
</head>
<body>
  <div class='ocr_page' id='page_1' title='image "./carminamue00catuuoft_0128.png"; bbox 0 0 1574 2692; ppageno 0'>
   <div class='ocr_carea' id='block_1_1' title="bbox 159 139 1436 189">
    <p class='ocr_par' dir='ltr' id='par_1_1' title="bbox 159 139 1436 189">
     <span class='ocr_line' id='line_1_1' title="bbox 159 139 1436 189; baseline -0.002 -8"><span class='ocrx_word' id='word_1_1' title='bbox 159 139 212 181; x_wconf 82' lang='grc'>56</span> <span class='ocrx_word' id='word_1_2' title='bbox 699 142 901 179; x_wconf 83' lang='lat' dir='ltr'><strong>CATVLLI</strong></span> <span class='ocrx_word' id='word_1_3' title='bbox 1278 141 1436 189; x_wconf 81' lang='lat' dir='ltr'><strong>[LXVII.</strong></span> 
     </span>
    </p>
   </div>
   <div class='ocr_carea' id='block_1_2' title="bbox 180 249 1438 970">
    <p class='ocr_par' dir='ltr' id='par_1_2' title="bbox 180 249 1438 970">
     <span class='ocr_line' id='line_1_2' title="bbox 301 249 1315 304; baseline -0.002 -13"><span class='ocrx_word' id='word_1_4' title='bbox 301 250 407 292; x_wconf 83' lang='lat' dir='ltr'>Cum</span> <span class='ocrx_word' id='word_1_5' title='bbox 439 249 586 304; x_wconf 89' lang='lat' dir='ltr'>quibus</span> <span class='ocrx_word' id='word_1_6' title='bbox 618 250 691 290; x_wconf 86' lang='lat' dir='ltr'>illa</span> <span class='ocrx_word' id='word_1_7' title='bbox 722 250 876 290; x_wconf 85' lang='lat' dir='ltr'>malum</span> <span class='ocrx_word' id='word_1_8' title='bbox 908 250 1007 290; x_wconf 81' lang='lat' dir='ltr'>fecit</span> <span class='ocrx_word' id='word_1_9' title='bbox 1037 249 1315 290; x_wconf 84' lang='lat' dir='ltr'>adulte1·ium.&#39;</span> 
     </span>
     <span class='ocr_line' id='line_1_3' title="bbox 245 266 1433 359; baseline -0.002 -13"><span class='ocrx_word' id='word_1_10' title='bbox 245 304 411 346; x_wconf 79' lang='lat' dir='ltr'>Dixerit</span> <span class='ocrx_word' id='word_1_11' title='bbox 440 266 507 346; x_wconf 88' lang='grc'>1110</span> <span class='ocrx_word' id='word_1_12' title='bbox 529 306 699 359; x_wconf 86' lang='lat' dir='ltr'>aliquis:</span> <span class='ocrx_word' id='word_1_13' title='bbox 732 306 802 359; x_wconf 86' lang='lat' dir='ltr'>qui</span> <span class='ocrx_word' id='word_1_14' title='bbox 831 308 877 346; x_wconf 89' lang='lat' dir='ltr'>tu</span> <span class='ocrx_word' id='word_1_15' title='bbox 907 303 1433 357; x_wconf 56' lang='grc' dir='ltr'>15111000,101111.εῑ,11ο511ῧ&gt;</span> 
     </span>
     <span class='ocr_line' id='line_1_4' title="bbox 303 338 1323 414; baseline -0.002 -12"><span class='ocrx_word' id='word_1_16' title='bbox 303 361 380 403; x_wconf 82' lang='lat' dir='ltr'>Cui</span> <span class='ocrx_word' id='word_1_17' title='bbox 409 375 634 414; x_wconf 80' lang='lat' dir='ltr'>numquam</span> <span class='ocrx_word' id='word_1_18' title='bbox 668 361 827 401; x_wconf 86' lang='lat' dir='ltr'>domini</span> <span class='ocrx_word' id='word_1_19' title='bbox 858 361 1001 401; x_wconf 86' lang='lat' dir='ltr'>limine</span> <span class='ocrx_word' id='word_1_20' title='bbox 1032 338 1175 401; x_wconf 59' lang='lat' dir='ltr'>ab’esse</span> <span class='ocrx_word' id='word_1_21' title='bbox 1205 360 1323 412; x_wconf 88' lang='lat' dir='ltr'>licet,</span> 
     </span>
     <span class='ocr_line' id='line_1_5' title="bbox 245 414 1422 470; baseline -0.003 -13"><span class='ocrx_word' id='word_1_22' title='bbox 245 417 335 458; x_wconf 84' lang='lat' dir='ltr'>Nec</span> <span class='ocrx_word' id='word_1_23' title='bbox 365 417 566 470; x_wconf 86' lang='lat' dir='ltr'>populum</span> <span class='ocrx_word' id='word_1_24' title='bbox 597 417 851 469; x_wconf 31' lang='lat' dir='ltr'>auscultargye</span> <span class='ocrx_word' id='word_1_25' title='bbox 883 417 955 457; x_wconf 88' lang='lat' dir='ltr'>sed</span> <span class='ocrx_word' id='word_1_26' title='bbox 983 416 1076 457; x_wconf 85' lang='lat' dir='ltr'>heic</span> <span class='ocrx_word' id='word_1_27' title='bbox 1107 415 1257 456; x_wconf 77' lang='lat' dir='ltr'>suffixa</span> <span class='ocrx_word' id='word_1_28' title='bbox 1286 414 1422 468; x_wconf 86' lang='lat' dir='ltr'>tigillo</span> 
     </span>
     <span class='ocr_line' id='line_1_6' title="bbox 180 470 1336 525; baseline -0.001 -13"><span class='ocrx_word' id='word_1_29' title='bbox 180 481 223 512; x_wconf 77' lang='lat'>40</span> <span class='ocrx_word' id='word_1_30' title='bbox 300 472 481 512; x_wconf 87' lang='lat' dir='ltr'>Tantum</span> <span class='ocrx_word' id='word_1_31' title='bbox 513 472 674 525; x_wconf 85' lang='lat' dir='ltr'>operire</span> <span class='ocrx_word' id='word_1_32' title='bbox 705 472 814 512; x_wconf 88' lang='lat' dir='ltr'>soles</span> <span class='ocrx_word' id='word_1_33' title='bbox 846 475 917 512; x_wconf 89' lang='lat' dir='ltr'>aut</span> <span class='ocrx_word' id='word_1_34' title='bbox 946 473 1105 525; x_wconf 87' lang='lat' dir='ltr'>aperire</span> <span class='ocrx_word' id='word_1_35' title='bbox 1136 470 1336 512; x_wconf 75' lang='lat' dir='ltr'>domum?</span> 
     </span>
     <span class='ocr_line' id='line_1_7' title="bbox 247 527 1302 580; baseline -0.003 -11"><span class='ocrx_word' id='word_1_36' title='bbox 247 527 401 580; x_wconf 69' lang='lat' dir='ltr'>‘Saepe</span> <span class='ocrx_word' id='word_1_37' title='bbox 432 528 547 567; x_wconf 81' lang='grc'>1111111</span> <span class='ocrx_word' id='word_1_38' title='bbox 579 527 717 567; x_wconf 88' lang='lat' dir='ltr'>audivi</span> <span class='ocrx_word' id='word_1_39' title='bbox 748 527 901 567; x_wconf 84' lang='lat' dir='ltr'>furtiva</span> <span class='ocrx_word' id='word_1_40' title='bbox 931 541 1031 568; x_wconf 87' lang='lat' dir='ltr'>voce</span> <span class='ocrx_word' id='word_1_41' title='bbox 1061 527 1302 580; x_wconf 86' lang='lat' dir='ltr'>loquentem</span> 
     </span>
     <span class='ocr_line' id='line_1_8' title="bbox 303 582 1206 637; baseline -0.001 -14"><span class='ocrx_word' id='word_1_42' title='bbox 303 583 444 624; x_wconf 82' lang='lat' dir='ltr'>Solam</span> <span class='ocrx_word' id='word_1_43' title='bbox 475 597 569 623; x_wconf 89' lang='grc'>011111</span> <span class='ocrx_word' id='word_1_44' title='bbox 599 582 764 623; x_wconf 83' lang='lat' dir='ltr'>ancillis</span> <span class='ocrx_word' id='word_1_45' title='bbox 794 582 896 623; x_wconf 87' lang='lat' dir='ltr'>haec</span> <span class='ocrx_word' id='word_1_46' title='bbox 927 598 1000 623; x_wconf 88' lang='lat' dir='ltr'>sua</span> <span class='ocrx_word' id='word_1_47' title='bbox 1029 582 1206 637; x_wconf 86' lang='lat' dir='ltr'>flagitia,</span> 
     </span>
     <span class='ocr_line' id='line_1_9' title="bbox 246 617 1438 691; baseline -0.002 -11"><span class='ocrx_word' id='word_1_48' title='bbox 246 638 429 681; x_wconf 83' lang='lat' dir='ltr'>Nomine</span> <span class='ocrx_word' id='word_1_49' title='bbox 460 638 667 679; x_wconf 76' lang='lat' dir='ltr'>dicentem</span> <span class='ocrx_word' id='word_1_50' title='bbox 689 651 791 691; x_wconf 91' lang='lat' dir='ltr'>quos</span> <span class='ocrx_word' id='word_1_51' title='bbox 813 638 1010 690; x_wconf 81' lang='lat' dir='ltr'>diximus,</span> <span class='ocrx_word' id='word_1_52' title='bbox 1042 615 1215 691; x_wconf 54' lang='grc' dir='ltr'>1110110ὴο</span> <span class='ocrx_word' id='word_1_53' title='bbox 1246 651 1349 691; x_wconf 86' lang='lat' dir='ltr'>quae</span> <span class='ocrx_word' id='word_1_54' title='bbox 1379 636 1438 678; x_wconf 84' lang='lat' dir='ltr'>mi</span> 
     </span>
     <span class='ocr_line' id='line_1_10' title="bbox 304 693 1320 747; baseline -0.001 -13"><span class='ocrx_word' id='word_1_55' title='bbox 304 693 499 747; x_wconf 74' lang='lat' dir='ltr'>Sper-met</span> <span class='ocrx_word' id='word_1_56' title='bbox 527 708 605 734; x_wconf 89' lang='lat' dir='ltr'>nec</span> <span class='ocrx_word' id='word_1_57' title='bbox 636 693 825 747; x_wconf 79' lang='lat' dir='ltr'>linguam</span> <span class='ocrx_word' id='word_1_58' title='bbox 856 708 945 734; x_wconf 85' lang='lat' dir='ltr'>esse</span> <span class='ocrx_word' id='word_1_59' title='bbox 974 707 1052 734; x_wconf 89' lang='lat' dir='ltr'>nec</span> <span class='ocrx_word' id='word_1_60' title='bbox 1083 693 1320 733; x_wconf 79' lang='lat' dir='ltr'>amiculam.</span> 
     </span>
     <span class='ocr_line' id='line_1_11' title="bbox 183 748 1380 803; baseline -0.001 -14"><span class='ocrx_word' id='word_1_61' title='bbox 183 758 224 789; x_wconf 80' lang='lat'>45</span> <span class='ocrx_word' id='word_1_62' title='bbox 246 750 467 790; x_wconf 67' lang='lat' dir='ltr'>Praeterea</span> <span class='ocrx_word' id='word_1_63' title='bbox 497 749 676 790; x_wconf 85' lang='lat' dir='ltr'>addebat</span> <span class='ocrx_word' id='word_1_64' title='bbox 705 749 931 803; x_wconf 75' lang='lat' dir='ltr'>quendam,</span> <span class='ocrx_word' id='word_1_65' title='bbox 963 763 1086 803; x_wconf 87' lang='lat' dir='ltr'>quem</span> <span class='ocrx_word' id='word_1_66' title='bbox 1117 749 1252 789; x_wconf 87' lang='lat' dir='ltr'>dicere</span> <span class='ocrx_word' id='word_1_67' title='bbox 1281 748 1380 789; x_wconf 88' lang='lat' dir='ltr'>nolo</span> 
     </span>
     <span class='ocr_line' id='line_1_12' title="bbox 296 804 1160 858; baseline 0 -13"><span class='ocrx_word' id='word_1_68' title='bbox 296 804 506 858; x_wconf 87' lang='lat' dir='ltr'>Nomine,</span> <span class='ocrx_word' id='word_1_69' title='bbox 537 819 590 845; x_wconf 88' lang='lat' dir='ltr'>ne</span> <span class='ocrx_word' id='word_1_70' title='bbox 621 805 744 845; x_wconf 87' lang='lat' dir='ltr'>tollat</span> <span class='ocrx_word' id='word_1_71' title='bbox 772 805 898 845; x_wconf 86' lang='lat' dir='ltr'>rubra</span> <span class='ocrx_word' id='word_1_72' title='bbox 927 804 1160 858; x_wconf 85' lang='lat' dir='ltr'>supercilia.</span> 
     </span>
     <span class='ocr_line' id='line_1_13' title="bbox 248 859 1402 914; baseline -0.001 -13"><span class='ocrx_word' id='word_1_73' title='bbox 248 860 421 914; x_wconf 88' lang='lat' dir='ltr'>Longus</span> <span class='ocrx_word' id='word_1_74' title='bbox 451 860 637 912; x_wconf 88' lang='lat' dir='ltr'>homost,</span> <span class='ocrx_word' id='word_1_75' title='bbox 668 874 844 914; x_wconf 89' lang='lat' dir='ltr'>magnas</span> <span class='ocrx_word' id='word_1_76' title='bbox 875 861 974 913; x_wconf 88' lang='lat' dir='ltr'>quoi</span> <span class='ocrx_word' id='word_1_77' title='bbox 1004 861 1097 900; x_wconf 90' lang='lat' dir='ltr'>lites</span> <span class='ocrx_word' id='word_1_78' title='bbox 1128 859 1272 900; x_wconf 88' lang='lat' dir='ltr'>intulit</span> <span class='ocrx_word' id='word_1_79' title='bbox 1300 859 1402 900; x_wconf 88' lang='lat' dir='ltr'>olim</span> 
     </span>
     <span class='ocr_line' id='line_1_14' title="bbox 304 915 1197 970; baseline -0.001 -13"><span class='ocrx_word' id='word_1_80' title='bbox 304 916 476 957; x_wconf 85' lang='lat' dir='ltr'>Falsum</span> <span class='ocrx_word' id='word_1_81' title='bbox 506 915 697 957; x_wconf 84' lang='lat' dir='ltr'>mendaci</span> <span class='ocrx_word' id='word_1_82' title='bbox 728 918 872 956; x_wconf 85' lang='lat' dir='ltr'>ventre</span> <span class='ocrx_word' id='word_1_83' title='bbox 902 915 1197 970; x_wconf 62' lang='lat' dir='ltr'>puerperium!</span> 
     </span>
    </p>
   </div>
   <div class='ocr_carea' id='block_1_3' title="bbox 703 1002 903 1006">
    <p class='ocr_par' dir='ltr' id='par_1_3' title="bbox 703 1002 903 1006">
     <span class='ocr_line' id='line_1_15' title="bbox 703 1002 903 1006; baseline 0 0"><span class='ocrx_word' id='word_1_84' title='bbox 703 1002 903 1006; x_wconf 95' lang='lat' dir='ltr'> </span> 
     </span>
    </p>
   </div>
   <div class='ocr_carea' id='block_1_4' title="bbox 691 1058 903 1106">
    <p class='ocr_par' dir='ltr' id='par_1_4' title="bbox 691 1058 903 1106">
     <span class='ocr_line' id='line_1_16' title="bbox 691 1058 903 1106; baseline 0.005 -1"><span class='ocrx_word' id='word_1_85' title='bbox 691 1058 903 1106; x_wconf 84' lang='lat' dir='ltr'><strong>LXVIII.</strong></span> 
     </span>
    </p>
   </div>
   <div class='ocr_carea' id='block_1_5' title="bbox 191 1134 1446 2364">
    <p class='ocr_par' dir='ltr' id='par_1_5' title="bbox 191 1134 1446 2364">
     <span class='ocr_line' id='line_1_17' title="bbox 251 1134 1346 1193; baseline -0.001 -13"><span class='ocrx_word' id='word_1_86' title='bbox 251 1139 371 1189; x_wconf 89' lang='lat' dir='ltr'>Quod</span> <span class='ocrx_word' id='word_1_87' title='bbox 401 1138 506 1180; x_wconf 87' lang='lat' dir='ltr'>mihi</span> <span class='ocrx_word' id='word_1_88' title='bbox 535 1138 705 1180; x_wconf 88' lang='lat' dir='ltr'>fortuna</span> <span class='ocrx_word' id='word_1_89' title='bbox 735 1134 913 1193; x_wconf 89' lang='lat' dir='ltr'>casuque</span> <span class='ocrx_word' id='word_1_90' title='bbox 945 1153 1167 1193; x_wconf 88' lang='lat' dir='ltr'>oppressus</span> <span class='ocrx_word' id='word_1_91' title='bbox 1198 1139 1346 1180; x_wconf 86' lang='lat' dir='ltr'>acerbo</span> 
     </span>
     <span class='ocr_line' id='line_1_18' title="bbox 309 1195 1384 1249; baseline -0.001 -13"><span class='ocrx_word' id='word_1_92' title='bbox 309 1195 606 1249; x_wconf 81' lang='lat' dir='ltr'>Conscriptum</span> <span class='ocrx_word' id='word_1_93' title='bbox 637 1195 716 1236; x_wconf 89' lang='lat' dir='ltr'>hoc</span> <span class='ocrx_word' id='word_1_94' title='bbox 747 1196 930 1236; x_wconf 83' lang='lat' dir='ltr'>lacrimis</span> <span class='ocrx_word' id='word_1_95' title='bbox 961 1196 1094 1236; x_wconf 89' lang='lat' dir='ltr'>mittis</span> <span class='ocrx_word' id='word_1_96' title='bbox 1126 1195 1384 1249; x_wconf 87' lang='lat' dir='ltr'>epistolium,</span> 
     </span>
     <span class='ocr_line' id='line_1_19' title="bbox 250 1249 1442 1305; baseline -0.003 -12"><span class='ocrx_word' id='word_1_97' title='bbox 250 1251 518 1305; x_wconf 82' lang='lat' dir='ltr'>Naufragum</span> <span class='ocrx_word' id='word_1_98' title='bbox 534 1253 580 1291; x_wconf 93' lang='lat' dir='ltr'>ut</span> <span class='ocrx_word' id='word_1_99' title='bbox 601 1251 778 1292; x_wconf 83' lang='lat' dir='ltr'>eiectum</span> <span class='ocrx_word' id='word_1_100' title='bbox 800 1251 1090 1305; x_wconf 78' lang='lat' dir='ltr'>spumantibus</span> <span class='ocrx_word' id='word_1_101' title='bbox 1112 1251 1303 1305; x_wconf 88' lang='lat' dir='ltr'>aequoris</span> <span class='ocrx_word' id='word_1_102' title='bbox 1319 1249 1442 1291; x_wconf 85' lang='lat' dir='ltr'>undis</span> 
     </span>
     <span class='ocr_line' id='line_1_20' title="bbox 308 1306 1273 1360; baseline -0.001 -12"><span class='ocrx_word' id='word_1_103' title='bbox 308 1306 530 1348; x_wconf 78' lang='lat' dir='ltr'>Sublevem</span> <span class='ocrx_word' id='word_1_104' title='bbox 561 1309 602 1347; x_wconf 84' lang='lat' dir='ltr'>et</span> <span class='ocrx_word' id='word_1_105' title='bbox 632 1322 655 1347; x_wconf 90' lang='lat' dir='ltr'>a</span> <span class='ocrx_word' id='word_1_106' title='bbox 684 1307 831 1347; x_wconf 88' lang='lat' dir='ltr'>mortis</span> <span class='ocrx_word' id='word_1_107' title='bbox 863 1307 1007 1347; x_wconf 87' lang='lat' dir='ltr'>limine</span> <span class='ocrx_word' id='word_1_108' title='bbox 1037 1307 1273 1360; x_wconf 71' lang='lat' dir='ltr'>restituam,</span> 
     </span>
     <span class='ocr_line' id='line_1_21' title="bbox 210 1361 1441 1416; baseline 0 -14"><span class='ocrx_word' id='word_1_109' title='bbox 210 1371 229 1402; x_wconf 85' lang='lat'>5</span> <span class='ocrx_word' id='word_1_110' title='bbox 252 1362 385 1411; x_wconf 83' lang='lat' dir='ltr'>Quem</span> <span class='ocrx_word' id='word_1_111' title='bbox 401 1376 536 1415; x_wconf 83' lang='lat' dir='ltr'>neque</span> <span class='ocrx_word' id='word_1_112' title='bbox 559 1364 703 1403; x_wconf 88' lang='lat' dir='ltr'>sancta</span> <span class='ocrx_word' id='word_1_113' title='bbox 718 1361 861 1403; x_wconf 87' lang='lat' dir='ltr'>Venus</span> <span class='ocrx_word' id='word_1_114' title='bbox 887 1363 1004 1403; x_wconf 87' lang='grc'>1110111</span> <span class='ocrx_word' id='word_1_115' title='bbox 1020 1362 1277 1416; x_wconf 86' lang='lat' dir='ltr'>requiescere</span> <span class='ocrx_word' id='word_1_116' title='bbox 1294 1374 1441 1402; x_wconf 85' lang='lat' dir='ltr'>sonmo</span> 
     </span>
     <span class='ocr_line' id='line_1_22' title="bbox 308 1417 1209 1472; baseline -0.001 -13"><span class='ocrx_word' id='word_1_117' title='bbox 308 1417 531 1459; x_wconf 88' lang='lat' dir='ltr'>Desertum</span> <span class='ocrx_word' id='word_1_118' title='bbox 561 1418 606 1458; x_wconf 89' lang='lat' dir='ltr'>in</span> <span class='ocrx_word' id='word_1_119' title='bbox 636 1418 744 1458; x_wconf 79' lang='lat' dir='ltr'>lecto</span> <span class='ocrx_word' id='word_1_120' title='bbox 776 1418 932 1459; x_wconf 83' lang='lat' dir='ltr'>caelibe</span> <span class='ocrx_word' id='word_1_121' title='bbox 962 1419 1209 1472; x_wconf 86' lang='lat' dir='ltr'>perpetitur,</span> 
     </span>
     <span class='ocr_line' id='line_1_23' title="bbox 251 1473 1374 1527; baseline -0.002 -11"><span class='ocrx_word' id='word_1_122' title='bbox 251 1473 343 1516; x_wconf 88' lang='lat' dir='ltr'>Nec</span> <span class='ocrx_word' id='word_1_123' title='bbox 372 1475 560 1515; x_wconf 84' lang='lat' dir='ltr'>veterum</span> <span class='ocrx_word' id='word_1_124' title='bbox 591 1473 702 1514; x_wconf 90' lang='lat' dir='ltr'>dulci</span> <span class='ocrx_word' id='word_1_125' title='bbox 733 1474 986 1527; x_wconf 84' lang='lat' dir='ltr'>scriptorum</span> <span class='ocrx_word' id='word_1_126' title='bbox 1017 1474 1199 1514; x_wconf 85' lang='lat' dir='ltr'>carmine</span> <span class='ocrx_word' id='word_1_127' title='bbox 1229 1473 1374 1514; x_wconf 88' lang='lat' dir='ltr'>Musae</span> 
     </span>
     <span class='ocr_line' id='line_1_24' title="bbox 310 1529 1257 1583; baseline -0.001 -12"><span class='ocrx_word' id='word_1_128' title='bbox 310 1529 555 1582; x_wconf 87' lang='lat' dir='ltr'>Oblectant,</span> <span class='ocrx_word' id='word_1_129' title='bbox 587 1544 682 1570; x_wconf 89' lang='lat' dir='ltr'>cum</span> <span class='ocrx_word' id='word_1_130' title='bbox 711 1544 831 1570; x_wconf 89' lang='lat' dir='ltr'>mens</span> <span class='ocrx_word' id='word_1_131' title='bbox 863 1530 985 1570; x_wconf 85' lang='lat' dir='ltr'>anxia</span> <span class='ocrx_word' id='word_1_132' title='bbox 1015 1530 1257 1583; x_wconf 83' lang='lat' dir='ltr'>pervigilat,</span> 
     </span>
     <span class='ocr_line' id='line_1_25' title="bbox 252 1584 1445 1640; baseline 0 -15"><span class='ocrx_word' id='word_1_133' title='bbox 252 1585 302 1626; x_wconf 91' lang='lat' dir='ltr'>Id</span> <span class='ocrx_word' id='word_1_134' title='bbox 322 1587 532 1640; x_wconf 83' lang='lat' dir='ltr'>gratumst</span> <span class='ocrx_word' id='word_1_135' title='bbox 552 1584 676 1637; x_wconf 89' lang='lat' dir='ltr'>mihi,</span> <span class='ocrx_word' id='word_1_136' title='bbox 710 1599 776 1625; x_wconf 90' lang='lat' dir='ltr'>me</span> <span class='ocrx_word' id='word_1_137' title='bbox 805 1585 1002 1638; x_wconf 88' lang='lat' dir='ltr'>quoniam</span> <span class='ocrx_word' id='word_1_138' title='bbox 1023 1585 1101 1626; x_wconf 89' lang='lat' dir='ltr'>tibi</span> <span class='ocrx_word' id='word_1_139' title='bbox 1122 1585 1225 1626; x_wconf 85' lang='lat' dir='ltr'>dicis</span> <span class='ocrx_word' id='word_1_140' title='bbox 1247 1585 1445 1638; x_wconf 87' lang='lat' dir='ltr'>amicum,</span> 
     </span>
     <span class='ocr_line' id='line_1_26' title="bbox 191 1640 1443 1695; baseline 0 -14"><span class='ocrx_word' id='word_1_141' title='bbox 191 1650 232 1681; x_wconf 89' lang='lat'>10</span> <span class='ocrx_word' id='word_1_142' title='bbox 307 1641 564 1694; x_wconf 84' lang='lat' dir='ltr'>Muneraque</span> <span class='ocrx_word' id='word_1_143' title='bbox 596 1642 637 1681; x_wconf 92' lang='lat' dir='ltr'>et</span> <span class='ocrx_word' id='word_1_144' title='bbox 665 1640 880 1683; x_wconf 86' lang='lat' dir='ltr'>Musarum</span> <span class='ocrx_word' id='word_1_145' title='bbox 910 1640 1009 1682; x_wconf 92' lang='lat' dir='ltr'>hinc</span> <span class='ocrx_word' id='word_1_146' title='bbox 1038 1641 1147 1695; x_wconf 90' lang='lat' dir='ltr'>petis</span> <span class='ocrx_word' id='word_1_147' title='bbox 1178 1643 1220 1681; x_wconf 90' lang='lat' dir='ltr'>et</span> <span class='ocrx_word' id='word_1_148' title='bbox 1246 1640 1443 1682; x_wconf 87' lang='lat' dir='ltr'>Veneris:</span> 
     </span>
     <span class='ocr_line' id='line_1_27' title="bbox 255 1696 1424 1750; baseline -0.001 -12"><span class='ocrx_word' id='word_1_149' title='bbox 255 1697 336 1739; x_wconf 76' lang='lat' dir='ltr'>Sed</span> <span class='ocrx_word' id='word_1_150' title='bbox 366 1697 444 1737; x_wconf 90' lang='lat' dir='ltr'>tibi</span> <span class='ocrx_word' id='word_1_151' title='bbox 474 1711 527 1737; x_wconf 87' lang='lat' dir='ltr'>ne</span> <span class='ocrx_word' id='word_1_152' title='bbox 558 1711 650 1737; x_wconf 87' lang='lat' dir='ltr'>mea</span> <span class='ocrx_word' id='word_1_153' title='bbox 681 1697 766 1737; x_wconf 90' lang='lat' dir='ltr'>sint</span> <span class='ocrx_word' id='word_1_154' title='bbox 794 1696 943 1750; x_wconf 89' lang='lat' dir='ltr'>ignota</span> <span class='ocrx_word' id='word_1_155' title='bbox 971 1696 1258 1749; x_wconf 86' lang='lat' dir='ltr'>incommoda,</span> <span class='ocrx_word' id='word_1_156' title='bbox 1289 1696 1424 1750; x_wconf 85' lang='lat' dir='ltr'>Mani,</span> 
     </span>
     <span class='ocr_line' id='line_1_28' title="bbox 310 1752 1264 1806; baseline -0.002 -12"><span class='ocrx_word' id='word_1_157' title='bbox 310 1752 405 1794; x_wconf 90' lang='lat' dir='ltr'>Neu</span> <span class='ocrx_word' id='word_1_158' title='bbox 434 1766 501 1793; x_wconf 89' lang='lat' dir='ltr'>me</span> <span class='ocrx_word' id='word_1_159' title='bbox 532 1752 668 1793; x_wconf 88' lang='lat' dir='ltr'>odisse</span> <span class='ocrx_word' id='word_1_160' title='bbox 697 1754 819 1806; x_wconf 89' lang='lat' dir='ltr'>putes</span> <span class='ocrx_word' id='word_1_161' title='bbox 850 1752 1029 1806; x_wconf 84' lang='lat' dir='ltr'>hospitis</span> <span class='ocrx_word' id='word_1_162' title='bbox 1061 1752 1264 1805; x_wconf 89' lang='lat' dir='ltr'>officium,</span> 
     </span>
     <span class='ocr_line' id='line_1_29' title="bbox 254 1807 1327 1862; baseline -0.001 -13"><span class='ocrx_word' id='word_1_163' title='bbox 254 1809 431 1862; x_wconf 90' lang='lat' dir='ltr'>Accipe,</span> <span class='ocrx_word' id='word_1_164' title='bbox 465 1808 556 1861; x_wconf 90' lang='lat' dir='ltr'>quis</span> <span class='ocrx_word' id='word_1_165' title='bbox 586 1822 742 1848; x_wconf 88' lang='lat' dir='ltr'>merser</span> <span class='ocrx_word' id='word_1_166' title='bbox 771 1807 963 1848; x_wconf 81' lang='lat' dir='ltr'>fortunae</span> <span class='ocrx_word' id='word_1_167' title='bbox 992 1808 1187 1849; x_wconf 91' lang='lat' dir='ltr'>fiuctibus</span> <span class='ocrx_word' id='word_1_168' title='bbox 1218 1809 1327 1862; x_wconf 86' lang='lat' dir='ltr'>ipse,</span> 
     </span>
     <span class='ocr_line' id='line_1_30' title="bbox 311 1863 1277 1918; baseline -0.001 -13"><span class='ocrx_word' id='word_1_169' title='bbox 311 1864 376 1905; x_wconf 87' lang='lat' dir='ltr'>Ne</span> <span class='ocrx_word' id='word_1_170' title='bbox 407 1864 584 1918; x_wconf 84' lang='lat' dir='ltr'>amplius</span> <span class='ocrx_word' id='word_1_171' title='bbox 615 1878 639 1904; x_wconf 89' lang='lat' dir='ltr'>a</span> <span class='ocrx_word' id='word_1_172' title='bbox 667 1863 819 1904; x_wconf 88' lang='lat' dir='ltr'>misero</span> <span class='ocrx_word' id='word_1_173' title='bbox 851 1863 961 1904; x_wconf 87' lang='lat' dir='ltr'>dona</span> <span class='ocrx_word' id='word_1_174' title='bbox 990 1863 1113 1904; x_wconf 85' lang='lat' dir='ltr'>beata</span> <span class='ocrx_word' id='word_1_175' title='bbox 1147 1866 1277 1917; x_wconf 86' lang='lat' dir='ltr'>petas.</span> 
     </span>
     <span class='ocr_line' id='line_1_31' title="bbox 194 1919 1445 1974; baseline 0 -13"><span class='ocrx_word' id='word_1_176' title='bbox 194 1930 232 1960; x_wconf 90' lang='lat'>15</span> <span class='ocrx_word' id='word_1_177' title='bbox 254 1920 461 1974; x_wconf 83' lang='lat' dir='ltr'>Tempore</span> <span class='ocrx_word' id='word_1_178' title='bbox 492 1933 573 1973; x_wconf 93' lang='lat' dir='ltr'>quo</span> <span class='ocrx_word' id='word_1_179' title='bbox 603 1919 784 1973; x_wconf 85' lang='lat' dir='ltr'>primum</span> <span class='ocrx_word' id='word_1_180' title='bbox 816 1920 943 1960; x_wconf 84' lang='lat' dir='ltr'>vestis</span> <span class='ocrx_word' id='word_1_181' title='bbox 974 1919 1078 1960; x_wconf 88' lang='lat' dir='ltr'>mihi</span> <span class='ocrx_word' id='word_1_182' title='bbox 1107 1920 1260 1960; x_wconf 84' lang='lat' dir='ltr'>tradita</span> <span class='ocrx_word' id='word_1_183' title='bbox 1288 1921 1445 1974; x_wconf 71' lang='lat' dir='ltr'>purast,</span> 
     </span>
     <span class='ocr_line' id='line_1_32' title="bbox 312 1975 1286 2029; baseline -0.001 -13"><span class='ocrx_word' id='word_1_184' title='bbox 312 1975 545 2016; x_wconf 89' lang='lat' dir='ltr'>Iocundum</span> <span class='ocrx_word' id='word_1_185' title='bbox 576 1989 670 2016; x_wconf 91' lang='lat' dir='ltr'>cum</span> <span class='ocrx_word' id='word_1_186' title='bbox 701 1977 813 2015; x_wconf 87' lang='lat' dir='ltr'>aetas</span> <span class='ocrx_word' id='word_1_187' title='bbox 843 1975 992 2016; x_wconf 86' lang='lat' dir='ltr'>florida</span> <span class='ocrx_word' id='word_1_188' title='bbox 1022 1990 1094 2016; x_wconf 87' lang='lat' dir='ltr'>ver</span> <span class='ocrx_word' id='word_1_189' title='bbox 1122 1977 1286 2029; x_wconf 86' lang='lat' dir='ltr'>ageret,</span> 
     </span>
     <span class='ocr_line' id='line_1_33' title="bbox 255 2030 1327 2084; baseline -0.002 -11"><span class='ocrx_word' id='word_1_190' title='bbox 255 2031 391 2073; x_wconf 86' lang='lat' dir='ltr'>Multa</span> <span class='ocrx_word' id='word_1_191' title='bbox 420 2031 521 2071; x_wconf 86' lang='lat' dir='ltr'>satis</span> <span class='ocrx_word' id='word_1_192' title='bbox 552 2031 653 2071; x_wconf 84' lang='lat' dir='ltr'>lusi:</span> <span class='ocrx_word' id='word_1_193' title='bbox 684 2045 771 2071; x_wconf 90' lang='lat' dir='ltr'>non</span> <span class='ocrx_word' id='word_1_194' title='bbox 802 2033 866 2071; x_wconf 88' lang='lat' dir='ltr'>est</span> <span class='ocrx_word' id='word_1_195' title='bbox 895 2030 972 2071; x_wconf 86' lang='lat' dir='ltr'>dea</span> <span class='ocrx_word' id='word_1_196' title='bbox 1001 2031 1144 2071; x_wconf 87' lang='lat' dir='ltr'>nescia</span> <span class='ocrx_word' id='word_1_197' title='bbox 1173 2031 1327 2084; x_wconf 86' lang='lat' dir='ltr'>nostri,</span> 
     </span>
     <span class='ocr_line' id='line_1_34' title="bbox 313 2086 1225 2136; baseline -0.001 -8"><span class='ocrx_word' id='word_1_198' title='bbox 313 2087 427 2136; x_wconf 85' lang='lat' dir='ltr'>Quae</span> <span class='ocrx_word' id='word_1_199' title='bbox 459 2087 622 2127; x_wconf 89' lang='lat' dir='ltr'>dulcem</span> <span class='ocrx_word' id='word_1_200' title='bbox 653 2086 762 2126; x_wconf 88' lang='lat' dir='ltr'>curis</span> <span class='ocrx_word' id='word_1_201' title='bbox 793 2086 940 2127; x_wconf 88' lang='lat' dir='ltr'>miscet</span> <span class='ocrx_word' id='word_1_202' title='bbox 970 2087 1225 2127; x_wconf 85' lang='lat' dir='ltr'>amaritiem:</span> 
     </span>
     <span class='ocr_line' id='line_1_35' title="bbox 257 2141 1446 2185; baseline 0 -1"><span class='ocrx_word' id='word_1_203' title='bbox 257 2143 339 2185; x_wconf 79' lang='lat' dir='ltr'>Sed</span> <span class='ocrx_word' id='word_1_204' title='bbox 368 2144 504 2183; x_wconf 85' lang='lat' dir='ltr'>totum</span> <span class='ocrx_word' id='word_1_205' title='bbox 535 2142 615 2183; x_wconf 90' lang='grc'>1100</span> <span class='ocrx_word' id='word_1_206' title='bbox 646 2141 829 2183; x_wconf 87' lang='lat' dir='ltr'>studium</span> <span class='ocrx_word' id='word_1_207' title='bbox 858 2142 973 2182; x_wconf 93' lang='lat' dir='ltr'>luctu</span> <span class='ocrx_word' id='word_1_208' title='bbox 996 2142 1180 2182; x_wconf 84' lang='lat' dir='ltr'>fraterna</span> <span class='ocrx_word' id='word_1_209' title='bbox 1199 2142 1304 2182; x_wconf 87' lang='lat' dir='ltr'>mihi</span> <span class='ocrx_word' id='word_1_210' title='bbox 1333 2156 1446 2184; x_wconf 82' lang='lat' dir='ltr'>mors</span> 
     </span>
     <span class='ocr_line' id='line_1_36' title="bbox 191 2197 1292 2251; baseline -0.001 -12"><span class='ocrx_word' id='word_1_211' title='bbox 191 2208 234 2239; x_wconf 82' lang='lat'>20</span> <span class='ocrx_word' id='word_1_212' title='bbox 310 2198 512 2239; x_wconf 85' lang='lat' dir='ltr'>Abstulit.</span> <span class='ocrx_word' id='word_1_213' title='bbox 554 2212 578 2238; x_wconf 94' lang='lat' dir='ltr'>o</span> <span class='ocrx_word' id='word_1_214' title='bbox 609 2197 760 2238; x_wconf 89' lang='lat' dir='ltr'>misero</span> <span class='ocrx_word' id='word_1_215' title='bbox 791 2198 919 2238; x_wconf 84' lang='lat' dir='ltr'>frater</span> <span class='ocrx_word' id='word_1_216' title='bbox 949 2197 1140 2251; x_wconf 87' lang='lat' dir='ltr'>adempte</span> <span class='ocrx_word' id='word_1_217' title='bbox 1169 2198 1292 2251; x_wconf 86' lang='lat' dir='ltr'>mihi,</span> 
     </span>
     <span class='ocr_line' id='line_1_37' title="bbox 257 2253 1371 2308; baseline -0.001 -13"><span class='ocrx_word' id='word_1_218' title='bbox 257 2254 320 2295; x_wconf 86' lang='lat' dir='ltr'>Tu</span> <span class='ocrx_word' id='word_1_219' title='bbox 350 2268 443 2294; x_wconf 89' lang='lat' dir='ltr'>mea</span> <span class='ocrx_word' id='word_1_220' title='bbox 472 2256 518 2294; x_wconf 92' lang='lat' dir='ltr'>tu</span> <span class='ocrx_word' id='word_1_221' title='bbox 547 2253 730 2294; x_wconf 88' lang='lat' dir='ltr'>moriens</span> <span class='ocrx_word' id='word_1_222' title='bbox 762 2253 926 2307; x_wconf 82' lang='lat' dir='ltr'>fregisti</span> <span class='ocrx_word' id='word_1_223' title='bbox 956 2253 1190 2306; x_wconf 88' lang='lat' dir='ltr'>commoda,</span> <span class='ocrx_word' id='word_1_224' title='bbox 1221 2253 1371 2308; x_wconf 82' lang='lat' dir='ltr'>frater,</span> 
     </span>
     <span class='ocr_line' id='line_1_38' title="bbox 314 2308 1306 2364; baseline -0.001 -14"><span class='ocrx_word' id='word_1_225' title='bbox 314 2309 470 2351; x_wconf 88' lang='lat' dir='ltr'>Tecum</span> <span class='ocrx_word' id='word_1_226' title='bbox 500 2324 584 2351; x_wconf 89' lang='lat' dir='ltr'>una</span> <span class='ocrx_word' id='word_1_227' title='bbox 612 2310 744 2349; x_wconf 84' lang='lat' dir='ltr'>totast</span> <span class='ocrx_word' id='word_1_228' title='bbox 772 2311 917 2349; x_wconf 87' lang='lat' dir='ltr'>nostra</span> <span class='ocrx_word' id='word_1_229' title='bbox 947 2309 1109 2363; x_wconf 86' lang='lat' dir='ltr'>sepulta</span> <span class='ocrx_word' id='word_1_230' title='bbox 1139 2308 1306 2364; x_wconf 88' lang='lat' dir='ltr'>domus,</span> 
     </span>
    </p>
   </div>
  </div>
 </body>
</html>
