1574 2692
7 234 11 237 ·
63 234 271 280 rmum
620 234 774 271 LIBER.
1278 227 1333 269 63

552 342 833 390 LXXVHH.

63 428 237 470 Lesbius
268 429 332 469 est
358 427 552 482 pulcher:
584 429 683 483 quid
712 429 785 469 ni?
818 442 940 482 quem
970 427 1120 469 Lesbia
1148 426 1268 468 malit

120 483 253 532 Quam
283 486 324 524 te
355 498 449 524 cum
478 486 569 524 tota
597 487 743 539 gente,
776 483 960 537 Catulle,
991 485 1077 524 tua.

64 538 146 581 Sed
165 541 307 580 tamen
325 538 394 580 hic
414 539 589 592 pulcher
608 539 763 580 vendat
783 553 878 580 cum
897 541 1023 594 gente
1045 537 1270 590 Catullum,

120 594 165 636 Si
194 594 274 635 tria
302 603 500 635 notorum
530 595 643 635 savia
671 595 914 649 reppererit.

600 735 790 782 LXXX.

63 815 173 865 Quid
203 815 359 868 dicam,
393 814 522 869 Gelli,
553 829 680 869 quare
709 830 830 857 rosea
859 816 940 857 ista
969 815 1120 857 labella

118 870 310 912 Hiberna
338 871 443 911 fiant
472 871 713 912 candidiora
741 872 857 925 nive,

63 926 189 968 Mane
221 926 343 967 domo
375 940 469 967 cum
499 927 585 967 exis
617 929 658 967 et
687 941 781 968 cum
811 929 852 968 te
882 928 1028 968 octava
1058 925 1195 980 quiete

117 982 155 1023 E
185 982 303 1022 molli
333 982 462 1036 longo
494 982 669 1023 suscitat
696 981 801 1023 hora
831 982 925 1023 die‘?

62 1036 322 1090 Nescioquid
353 1039 528 1078 certest:
560 1051 614 1078 an
642 1052 737 1078 vere
767 1038 879 1078 fama
908 1039 1094 1078 susurrat
1312 1043 1334 1075 5

120 1092 304 1134 Grandia
333 1094 374 1133 te
403 1092 530 1133 medii
560 1095 677 1134 tenta
706 1107 850 1134 vorare
880 1092 988 1134 viri?

65 1147 133 1190 Sic
164 1151 334 1189 certest:
367 1148 551 1188 clamant
578 1148 763 1189 Victoris
793 1150 916 1202 rupta
945 1147 1099 1189 miselli

119 1203 218 1257 Ilia,
250 1206 292 1244 et
321 1203 479 1244 emulso
511 1203 626 1244 labra
654 1205 800 1245 notata
830 1217 936 1245 sero,

594 1345 807 1393 LXXXL

63 1425 255 1467 Nemone
284 1425 330 1466 in
359 1427 475 1466 tanto
505 1426 645 1479 potuit
673 1426 829 1480 populo
862 1440 971 1479 esse,
1002 1425 1187 1479 Iuventi,

118 1481 263 1522 Bellus
292 1480 440 1534 homo,
472 1495 595 1534 quem
624 1483 670 1522 tu
701 1481 876 1536 diligere
905 1482 1132 1535 inciperes,

63 1536 360 1590 Praeterquam
390 1537 468 1577 iste
498 1539 593 1577 tuus
623 1537 873 1578 moribunda
901 1552 926 1578 a
955 1537 1051 1578 sede
1080 1536 1241 1578 Pisauri

119 1592 287 1645 Hospes
317 1592 507 1633 inaurata
535 1592 732 1646 pallidior
762 1595 919 1645 statua,

65 1646 146 1696 Qui
176 1648 253 1688 tibi
282 1661 394 1688 nunc
425 1647 599 1700 eordist‚
630 1662 754 1701 quem
782 1650 829 1689 tu
857 1662 1115 1702 praeponere
1144 1646 1267 1689 nobis
1313 1654 1334 1686 5

119 1702 282 1756 Audes,
313 1705 355 1744 et
383 1703 519 1743 nescis
551 1704 661 1756 quod
690 1704 852 1744 facinus
883 1704 1024 1746 facias.

581 1856 816 1904 LXXXH.

66 1936 211 1986 Quinti
220 1969 231 1990 ‚
262 1936 298 1977 si
327 1936 406 1977 tibi
434 1936 498 1978 vis
529 1937 672 1978 oculos
702 1937 851 1979 debere
882 1937 1094 1980 Catullum

124 1992 210 2033 Aut
238 1991 351 2032 aliud
382 1992 518 2046 siquid
548 1993 682 2033 carius
713 1995 778 2034 est
806 1993 958 2046 oculis,

64 2047 238 2101 Eripere
269 2048 307 2088 ei
336 2047 447 2101 noli,
477 2048 610 2089 multo
642 2048 753 2102 quod
783 2049 917 2089 carius
946 2049 1011 2089 illi

120 2102 200 2144 Est
229 2103 359 2145 oculis
391 2117 464 2145 seu
493 2103 592 2157 quid
623 2104 757 2144 carius
788 2106 852 2145 est
881 2104 1026 2146 oculis.

566 2257 825 2304 LXXXHL

66 2336 216 2378 Lesbia
244 2338 301 2378 mi
331 2339 549 2392 praesente
578 2339 669 2379 viro
699 2339 811 2379 mala
839 2338 1019 2392 plurima
1049 2338 1170 2380 dicit:

121 2393 238 2435 Haec
267 2394 330 2434 illi
359 2394 474 2435 fatuo
505 2394 686 2435 maxima
715 2394 926 2435 laetitiast.
