1601 2697
199 91 255 132 34

203 376 264 407 180

201 680 263 711 185

197 985 262 1016 190

194 1291 257 1322 195

190 1597 255 1627 ‘200

186 1902 252 1935 ‘205

183 2209 251 2240 210

745 97 771 132 C
776 97 946 133 ATVLLI

472 202 594 244 Mitte
624 203 885 245 brachiolum
914 207 1042 260 teres,

524 258 807 313 Praetextate7
837 261 1065 314 puellulae:

523 313 612 354 lam
644 315 779 355 cubile
810 316 931 356 adeat
959 317 1050 358 viri.

471 369 504 410 O
537 369 705 422 Hymen
733 370 976 423 Hymenaee
1005 372 1067 426 io,

528 425 562 466 O
593 424 762 479 Hymen
791 425 1044 479 Hymenaee.

470 506 558 548 Vos
587 507 723 548 bonae
755 509 924 550 senibus
955 510 1054 550 viris

525 563 731 617 Cognitae
760 564 867 605 bene
896 565 1098 619 feminae,

526 617 742 659 Collocate
772 620 1010 672 puellulam.

470 673 505 714 O
537 673 706 727 Hymen
735 674 976 728 Hymenaee
1006 676 1046 717 io
1055 708 1068 730 ,

525 728 558 769 O
590 729 759 782 Hymen
788 730 1041 784 Hymenaee.

466 811 556 852 Iam
586 812 686 853 licet
714 813 874 867 venias,
906 814 1075 856 marite:

521 867 639 908 onr
668 869 712 908 in
741 868 926 910 thalamo
958 870 1078 910 tibist

525 924 606 964 Ore
636 923 830 964 floridulo
861 925 1023 978 nitens,

467 978 576 1019 Alba
605 978 848 1032 parthenice
877 980 993 1020 velut

521 1033 751 1075 Luteumve
781 1049 975 1089 papaver.

464 1118 542 1170 At,
574 1119 740 1172 marite,
774 1118 851 1172 (ita
880 1133 946 1160 me
976 1119 1120 1161 iuvent

522 1172 723 1228 Caelites)
755 1173 888 1215 nihilo
918 1175 1057 1216 minus

519 1228 697 1270 Pulcher
728 1244 794 1281 es,
824 1244 959 1283 neque
989 1233 1030 1272 te
1061 1231 1205 1274 Venus

461 1283 676 1339 Neglegit.
718 1285 789 1325 sed
820 1285 906 1326 abit
935 1286 1042 1328 dies:

518 1339 653 1394 Perge
663 1372 674 1394 ,
704 1354 758 1381 ne
787 1355 1008 1383 remorare.

459 1422 561 1466 Non
591 1423 661 1464 diu
690 1427 922 1465 remoratus
955 1440 997 1466 es
1007 1458 1018 1480 ‚

518 1479 608 1520 Iam
637 1479 766 1520 venis.
808 1480 919 1521 bona
948 1483 990 1522 te
1021 1480 1163 1524 Venus

517 1533 696 1588 Iuverit,
729 1536 926 1588 quoniam
955 1537 1094 1590 palam

462 1589 584 1638 Quod
615 1591 731 1643 cupis
763 1592 876 1644 capis
908 1594 949 1632 eh
979 1592 1136 1634 bonum

516 1645 616 1687 Non
647 1646 869 1687 abscondis
901 1661 1096 1689 amorem.

458 1727 537 1770 Ille
566 1729 749 1782 pulveris
779 1729 940 1771 Afrieei

517 1784 790 1839 Siderumque
820 1786 1065 1828 micantium

516 1839 728 1881 Subduoat
757 1855 977 1883 numerum
1007 1843 1146 1898 prius,

458 1895 539 1944 Qui
568 1896 699 1936 vostri
728 1911 947 1938 numerare
977 1898 1067 1939 volt

513 1951 649 1992 Mulssa
677 1952 794 1993 milia
823 1952 945 1993 ludei.

455 2034 605 2076 Ludite
634 2036 682 2075 ut
710 2035 844 2089 lubet,
877 2038 919 2077 et
948 2037 1063 2078 brevi

511 2090 684 2131 Liberos
716 2091 822 2132 date.
864 2106 951 2132 non
982 2093 1102 2135 decet

512 2145 617 2187 Tam
645 2148 762 2188 vetus
793 2147 882 2188 sine
913 2148 1054 2190 liberis

455 2200 624 2243 Nomen
654 2216 764 2256 esse,
796 2203 869 2243 sed
897 2204 1082 2246 indidem

511 2257 684 2313 Semper
713 2258 960 2314 ingenerari.

1375 101 1479 146 [mn
