1601 2697
184 209 237 250 36
724 210 927 247 OATVLLI
1335 210 1461 256 [LXII.

267 319 367 361 Non
397 319 553 360 frustra
573 318 849 372 meditantur,
877 317 1034 359 habent
1053 317 1323 358 memorabile
1350 317 1461 371 quod

1047 373 1113 414 sit.

268 430 360 472 Nec
389 431 562 483 mirum,
592 430 759 483 penitus
791 443 894 483 quae
923 430 1015 470 tota
1043 430 1183 469 mente
1213 428 1419 469 laborent.

207 494 246 525 15
267 485 358 527 Nos
389 486 470 526 alio
500 487 683 538 mentes,
714 485 795 525 alio
828 484 1044 525 divisimus
1075 498 1213 524 aures:

269 540 364 582 Iure
395 541 524 595 igitur
553 540 788 593 vincemur,
820 541 933 580 amat
960 539 1137 580 victoria
1166 553 1320 580 curam.

271 596 407 644 Quare
436 610 550 637 nunc
580 596 742 636 animos
774 596 923 636 saltem
953 596 1183 636 convertite
1214 597 1397 648 vestros,

271 650 422 692 Dicere
452 652 536 691 iam
566 651 790 705 incipient,
820 651 904 691 iam
933 650 1186 704 respondere
1217 650 1391 691 decebit.

327 723 496 776 Hymen
518 737 541 763 o
563 722 825 776 Hymenaee,
853 721 1023 776 Hymen
1043 722 1140 763 ades
1161 736 1184 762 ο
1206 721 1462 775 Hymenaee.

206 826 250 856 20
270 817 478 871 Hespere,
511 817 582 871 qui
613 816 727 858 caelo
758 816 890 857 fertur
920 816 1125 857 crudelior
1154 815 1296 870 ignis?

272 872 353 920 Qui
381 874 524 913 natam
553 872 690 925 possis
721 871 927 925 conplexu
958 872 1134 912 avellere
1164 872 1333 925 matris,

275 927 495 981 Oonplexu
523 928 670 968 matris
700 927 953 968 retinentem
984 927 1160 968 avellere
1190 929 1331 967 natam

271 982 330 1024 Et
358 983 498 1024 iuveni
529 982 691 1024 ardenti
722 984 879 1023 castam
909 982 1065 1023 donare
1094 982 1290 1036 puellam.

275 1038 388 1090 Quid
418 1039 579 1079 faciunt
607 1038 750 1079 hostes
785 1039 906 1092 capta
936 1037 1141 1078 crudelius
1172 1038 1302 1078 urbe?

208 1119 250 1150 25
328 1110 497 1164 Hymen
518 1124 542 1151 o
563 1109 827 1164 Hymenaee,
848 1109 1018 1163 Hymen
1039 1109 1136 1150 ades
1159 1124 1182 1150 ο
1204 1109 1464 1163 Hymenaee!

274 1205 482 1258 Hespere,
516 1205 587 1258 qui
617 1204 732 1245 caelo
761 1204 874 1245 lucet
902 1204 1121 1246 iocundior
1149 1204 1291 1259 ignis?

275 1260 356 1308 Qui
386 1260 594 1323 desponsa
622 1262 695 1300 tua
723 1260 863 1301 firmes
894 1260 1075 1301 conubia
1107 1259 1299 1313 flamma,

275 1316 389 1364 Quae
418 1315 616 1370 pepigere
646 1315 744 1369 viri,
775 1315 1028 1370 pepigerunt
1057 1318 1154 1356 ante
1184 1317 1378 1369 parentes

274 1370 365 1412 Nec
394 1371 565 1412 iunxere
595 1385 710 1424 prius
741 1385 866 1424 quam
896 1385 939 1411 se
968 1373 1064 1412 tuus
1096 1371 1245 1412 extulit
1275 1371 1408 1412 arndm

209 1435 253 1466 30
275 1426 383 1475 Quid
413 1427 535 1467 datur
564 1441 588 1467 a
618 1426 723 1467 divis
753 1427 866 1467 felici
896 1427 1080 1480 optatius
1110 1426 1241 1467 hora?

330 1498 500 1552 Hymen
521 1512 545 1539 0
566 1497 830 1552 Hymenaee,
853 1501 1019 1552 Hymen
1039 1498 1135 1539 ades
1157 1513 1180 1539 0
1203 1498 1465 1552 Hymenaee!

813 1601 836 1626 ὴ
977 1571 1000 1595 ss

275 1642 490 1696 Hesperus
522 1656 544 1683 e
573 1642 717 1696 nobis,
750 1642 962 1697 aequales,
994 1643 1168 1684 abstulit
1196 1657 1322 1684 unam

651 1715 674 1739 23<
978 1715 1001 1739 ῆς

815 1746 837 1770 ἥε

329 1781 499 1836 Hymen
528 1794 550 1823 ο
571 1781 826 1835 Hymenaee,
858 1782 1026 1836 Hymen
1046 1782 1143 1824 ades
1163 1796 1184 1823 0
1205 1781 1467 1836 Hymenaee!

650 1853 673 1878 Ψ
978 1854 1000 1878 2³:

814 1885 837 1909 ἧς

275 1927 468 1980 Namque
497 1928 570 1966 tuo
602 1926 783 1966 adventu
810 1926 960 1981 vigilat
989 1926 1177 1967 custodia
1207 1941 1382 1981 semper.

275 1982 412 2023 Nocte
442 1982 576 2022 latent
602 1982 736 2035 fures,
769 1995 873 2035 quos
903 1982 1013 2023 idem
1044 1996 1166 2036 saepe
1195 1984 1430 2036 revertens,

211 2047 254 2077 35
274 2037 480 2091 Hespere,
511 2038 671 2078 mutato
704 2037 953 2091 conprendis
983 2038 1155 2078 nomine
1184 2038 1313 2079 Eous.

276 2095 336 2133 At
364 2093 470 2133 libet
497 2093 686 2146 innuptis
716 2093 814 2135 ficto
845 2096 887 2134 te
919 2108 1087 2147 calwpele
1118 2096 1277 2147 questu.

277 2148 386 2197 Quid
401 2151 503 2202 tum,
521 2148 556 2189 si
573 2150 762 2203 carpunt,
777 2149 907 2190 tacita
921 2163 1043 2203 quem
1063 2151 1203 2190 mente
1218 2149 1465 2203 requirunt?

332 2220 501 2274 Hymen
522 2234 546 2261 o
567 2220 829 2274 Hymenaee,
851 2220 1021 2275 Hymen
1042 2221 1139 2262 ades
1161 2235 1185 2262 o
1207 2221 1466 2276 Hymenaee!

277 2315 336 2356 Vt
364 2315 441 2356 flos
472 2315 517 2356 in
546 2315 702 2369 saeptis
734 2317 916 2356 secretus
946 2316 1131 2357 nascitur
1160 2315 1314 2371 hortis,

211 2379 254 2410 40
274 2370 451 2426 Ignotus
482 2371 643 2426 pecori,
674 2371 790 2412 nullo
823 2384 928 2412 conv
932 2371 1044 2413 olsus
1075 2373 1233 2426 aiatio,
