1601 2697
190 153 242 197 10

192 605 233 639 m

186 1550 228 1581 10

184 1828 225 1859 15

180 2106 223 2137 20

733 157 790 192 CA
795 158 934 191 TVLLI
1356 159 1468 206 [XVI.

272 262 392 310 Quod
423 265 525 305 sunt
553 264 775 316 molliculi,
807 279 954 317 parum
984 264 1193 318 pudicum.

272 318 384 360 Nam
419 322 579 360 castum
610 333 699 360 esse
730 319 849 360 decet
877 320 992 373 pium
1024 322 1192 373 poetam

272 373 439 428 Ipsum,
470 375 697 416 versiculos
726 374 834 415 nihil
863 378 1092 428 necessest,

273 428 356 477 Qui
385 434 475 471 tum
506 431 683 483 denique
712 429 871 470 habent
901 431 1032 471 salem
1062 445 1109 471 ac
1140 431 1345 484 leporem,

275 486 319 527 Si
350 488 448 527 sunt
476 486 681 526 molliculi
710 499 758 526 ac
788 499 935 538 parum
966 486 1106 539 pudici

273 541 331 582 Et
360 541 471 595 quod
501 541 663 595 pruriat
690 541 865 581 incitare
896 544 1093 595 possunt,

271 597 371 638 Non
401 597 492 637 dico
522 597 683 650 pueris,
717 596 788 637 sed
818 596 883 637 his
913 597 1078 650 pilosis,

273 652 354 700 Qui
385 652 509 692 duros
539 654 753 705 nequeunt
782 664 948 692 movere
979 652 1160 694 lumbos.

272 707 381 760 Vos,
414 722 541 761 quom
570 708 686 748 milia
716 708 849 748 multa
878 707 1091 748 basiorum

271 763 473 817 Legistis,
504 764 612 804 male
642 777 707 804 me
738 777 894 804 marem
925 762 1112 816 putatis?

271 819 480 860 Pedicabo
513 833 591 874 ego
622 833 695 859 vos
727 821 770 858 et
798 818 1031 859 inrumabo.

746 959 896 1006 XVII.

273 1041 307 1082 O
339 1040 537 1094 Colonia,
569 1055 672 1094 quae
705 1041 821 1094 cupis
852 1043 981 1095 ponte
1013 1040 1154 1082 ludere
1186 1041 1333 1096 longo,

269 1097 327 1138 Et
358 1097 479 1138 salire
510 1098 703 1150 paratum
733 1096 880 1149 habes,
913 1096 984 1137 sed
1015 1097 1169 1137 vereris
1200 1097 1344 1150 inepta

272 1152 404 1194 Crura
433 1152 639 1206 ponticuli
669 1152 818 1193 assulis
851 1152 1001 1192 stantis
1031 1153 1076 1192 in
1105 1151 1321 1204 redivivis,

270 1208 336 1249 Ne
368 1209 542 1262 supinus
575 1210 642 1248 eat
673 1221 853 1261 cavaque
883 1207 928 1248 in
958 1207 1108 1261 palude
1138 1207 1372 1262 recumbat3

271 1263 339 1305 Sic
369 1264 448 1304 tibi
477 1264 612 1304 bonus
644 1278 693 1304 ex
723 1266 795 1303 tua
823 1277 929 1317 pons
961 1263 1133 1304 libidine
1164 1263 1255 1316 fiat,

268 1319 320 1360 In
350 1333 431 1373 quo
463 1320 530 1360 vel
561 1319 795 1360 Salisubsili
826 1333 945 1360 sacra
975 1318 1275 1373 suscipiantur:

269 1375 424 1416 Munus
455 1374 536 1416 hoc
566 1374 668 1415 mihi
700 1374 873 1415 maximi
905 1374 974 1427 da,
1008 1373 1206 1427 Colonia,
1238 1375 1358 1416 risus

269 1430 489 1479 Quendam
518 1431 772 1483 municipem
803 1445 942 1470 meum
973 1429 1022 1470 de
1053 1433 1124 1470 tuo
1157 1430 1252 1470 volo
1287 1433 1416 1483 ponte

268 1486 334 1527 Ire
364 1486 636 1540 praecipitem
666 1487 711 1526 in
742 1486 877 1526 lutum
904 1500 978 1539 per
1007 1488 1212 1539 caputque
1241 1485 1462 1539 pedesque,

266 1542 423 1583 Verum
452 1542 582 1582 totius
612 1544 659 1582 ut
687 1542 800 1582 lacus
831 1541 1082 1595 putidaeque
1111 1541 1275 1595 paludis

268 1597 535 1638 Lividissima
564 1597 828 1650 maximeque
859 1600 923 1638 est
950 1597 1160 1651 profunda
1189 1611 1359 1651 vorago.

267 1653 576 1694 Insulsissimus
608 1656 672 1694 est
699 1652 846 1705 homo,
877 1667 954 1693 nec
985 1653 1095 1706 sapit
1123 1653 1242 1706 pueri
1273 1652 1407 1693 instar

266 1709 423 1750 Bimuli
452 1709 631 1750 tremula
660 1709 790 1762 patris
823 1708 1068 1749 dormientis
1098 1708 1143 1749 in
1172 1709 1283 1748 ulna.

267 1765 374 1813 Quoi
405 1779 499 1806 cum
530 1765 585 1805 sit
613 1764 866 1805 viridissimo
896 1766 1029 1818 nupta
1058 1764 1159 1804 flore
1190 1763 1330 1818 puella

266 1820 342 1874 (Et
370 1820 511 1874 puella
540 1820 741 1861 tenellulo
773 1820 989 1861 delicatior
1018 1819 1172 1872 haedo,

263 1876 540 1917 Adservanda
569 1875 808 1930 nigerrimis
840 1875 1084 1930 diligentius
1115 1875 1246 1930 uvis),

265 1931 427 1973 Ludere
457 1931 566 1972 hauc
597 1932 698 1972 sinit
727 1933 774 1971 ut
803 1931 937 1984 lubet,
970 1945 1048 1972 nec
1077 1931 1153 1985 pili
1183 1931 1285 1972 facit
1315 1930 1406 1983 uni,

263 1987 354 2029 Nec
384 2001 428 2028 se
459 1987 649 2028 sublevat
679 2001 729 2027 ex
759 2001 833 2027 sua
862 1989 1002 2041 parte,
1035 1987 1107 2028 sed
1138 1987 1251 2027 velut
1281 1986 1401 2027 alnus

263 2043 315 2084 In
343 2043 458 2083 fossa
488 2043 633 2097 Liguri
664 2043 773 2083 iacet
803 2045 1058 2096 suppernata
1089 2043 1242 2094 securi,

262 2098 529 2139 Tantundem
560 2098 702 2139 omnia
724 2099 908 2139 sentiens
940 2113 1064 2151 quarn
1096 2098 1131 2138 si
1160 2098 1277 2138 nulla
1306 2097 1361 2139 sit
1390 2111 1457 2138 us-

988 2168 1133 2207 quam,

263 2209 376 2250 Talis
406 2209 485 2250 iste
515 2223 631 2250 meus
664 2211 809 2263 stupor
837 2209 900 2250 nil
931 2209 1062 2262 videt,
1094 2208 1201 2258 nihil
1232 2208 1365 2261 audit,

262 2264 358 2320 Ipse
396 2265 468 2319 qui
505 2265 577 2319 sit,
615 2266 754 2306 utrum
791 2265 846 2306 sit
882 2279 936 2306 an
972 2279 1059 2305 non
1097 2266 1171 2319 sit,
1210 2264 1252 2305 id
1291 2278 1456 2319 quoque

983 2320 1127 2361 nescit.
