1601 2697
58 193 190 238 XXII]
610 193 763 229 LIBER.
1285 194 1332 233 11

60 298 185 340 Ν11110
217 313 310 339 eum
339 299 436 340 volo
468 298 518 340 de
547 301 619 340 tuo
650 302 778 353 ponte
808 300 974 341 mittere
1003 315 1203 355 pronum,

61 353 107 395 Si
135 356 234 407 pote
265 354 463 395 stolidum
491 357 663 408 repente
693 356 872 396 excitare
901 358 1119 397 veternum

60 408 117 450 Et
146 409 343 462 supinum
373 410 559 450 animum
589 411 634 450 in
662 411 782 464 gravi
812 411 1096 465 derelinquere
1118 426 1261 466 caeno,
1292 421 1332 452 25

59 463 255 505 Ferream
286 467 332 505 ut
363 465 519 506 soleam
548 467 688 506 tenaci
717 466 762 506 in
791 467 990 521 voragine
1020 468 1147 510 mula.

511 605 880 653 XVHI—XXI.

171 686 338 739 Aureli,
370 687 487 740 pater
517 686 832 739 essuriffionum,

171 741 272 782 Non
300 741 449 782 harum
478 741 603 781 modo
613 774 624 794 ,
656 741 728 782 sed
759 744 860 795 quot
889 744 960 783 aut
989 742 1155 784 fuerunt

169 797 259 837 Aut
289 799 386 837 sunt
416 799 487 837 aut
518 797 611 837 aliis
643 799 764 837 erunt
792 798 838 837 in
867 798 1007 850 annis,

170 850 368 892 Pedicare
399 852 515 906 cupis
545 865 661 892 meos
691 865 864 893 amores,

170 906 261 948 Nec
291 907 416 947 clam:
448 921 547 947 nam
579 907 702 948 simul
732 921 793 960 es,
824 908 975 948 iocaris
1006 923 1107 962 una,
1312 916 1333 948 5

170 961 328 1002 Haeres
360 962 412 1002 ad
442 962 550 1003 latus
582 962 722 1002 omnia
753 963 963 1015 experiris.

170 1016 360 1058 Frustra:
391 1032 489 1058 nam
519 1017 693 1057 insidias
723 1017 828 1057 mihi
857 1018 1136 1059 instruentem

171 1072 361 1126 Tangam
390 1075 432 1113 te
462 1073 576 1126 prior
606 1073 899 1114 inrumatione.

170 1128 310 1181 Atque
340 1128 382 1168 id
413 1129 447 1168 si
476 1129 633 1169 faceres
666 1131 799 1179 satur,
829 1130 1031 1170 tacerem:

170 1182 294 1224 Nunc
325 1183 462 1237 ipsum
492 1183 533 1224 id
564 1183 705 1236 doleo,
738 1184 848 1237 quod
879 1185 1075 1238 essurire,
1291 1193 1333 1224 10

170 1239 209 1278 A
239 1253 304 1279 me
335 1253 400 1279 me
410 1272 420 1291 ,
452 1253 553 1292 puer
584 1240 625 1279 et
655 1239 769 1279 sitire
800 1239 943 1280 discet.

171 1293 306 1341 Quare
336 1294 499 1346 desine,
530 1294 629 1335 dum
659 1295 756 1335 licet
785 1295 958 1348 pudico,

170 1348 235 1391 Ne
265 1349 391 1390 finem
419 1349 567 1402 facias,
599 1350 670 1390 sed
701 1350 945 1390 ini-umatus.

170 1569 363 1612 Suffenus
394 1571 492 1623 iste,
523 1570 654 1624 Vare,
687 1585 810 1624 quem
839 1571 969 1625 probe
999 1571 1133 1624 nosti,

170 1625 352 1666 Homost
381 1629 580 1667 venustus
611 1629 653 1667 et
683 1626 803 1667 dicax
834 1629 876 1667 et
904 1627 1110 1680 urbanus,

169 1680 368 1735 Idemque
398 1682 524 1736 longe
554 1682 756 1735 plurimos
787 1682 889 1722 facit
917 1696 1072 1723 versus.

169 1735 277 1777 Puto
308 1751 398 1778 esse
428 1751 506 1791 ego
537 1737 598 1777 illi
627 1737 744 1778 milia
775 1740 846 1778 aut
876 1737 1019 1778 decem
1048 1740 1120 1778 aut
1148 1737 1270 1791 plura

169 1791 424 1846 Persoripta,
455 1806 533 1833 nec
563 1793 623 1833 sic
652 1794 699 1833 ut
727 1792 774 1832 fit
803 1792 848 1833 in
877 1793 1184 1846 palimpseston
1309 1801 1330 1833 5

167 1846 336 1888 Relata:
369 1847 536 1888 chartae
565 1848 724 1902 regiae,
756 1848 879 1888 novei
909 1848 1026 1901 libri,

168 1901 304 1943 Novei
334 1903 539 1955 umbilici,
570 1903 659 1943 lora
688 1903 834 1956 rubra,
865 1903 1108 1944 membrana

168 1956 347 1999 Derecta
377 1958 569 2012 plumbo,
602 1960 644 1999 et
671 1958 835 2012 pumice
866 1959 1008 1999 omnia
1038 1961 1226 2012 aequata.

168 2012 284 2054 Haec
315 2028 408 2054 cum
438 2014 554 2067 legas
583 2015 628 2054 tu
638 2046 648 2065 ‚
680 2014 814 2054 bellus
844 2013 915 2054 ille
946 2016 988 2054 et
1015 2014 1199 2055 urbanus

169 2067 361 2110 Suffenus
392 2083 498 2109 unus
530 2069 813 2123 caprimulgus
844 2071 916 2109 aut
949 2069 1086 2110 fossor
1279 2078 1332 2109 ·10

169 2122 329 2164 Rursus
359 2123 542 2165 videtur:
573 2126 736 2165 tantum
767 2123 964 2165 abhorret
993 2139 1040 2165 ac
1070 2126 1221 2166 mutat.
1255 2174 1272 2179 „

169 2178 263 2219 Hoc
294 2179 390 2232 quid
421 2181 614 2233 putemus
646 2179 764 2220 esse?
797 2179 866 2233 qui
896 2179 1020 2220 modo
1053 2194 1197 2222 scurra

168 2234 257 2274 Aut
286 2235 421 2287 siquid
450 2233 530 2275 hac
559 2249 603 2275 re
634 2235 777 2276 scitius
807 2234 1047 2290 videbatur,

169 2287 286 2329 Idem
315 2289 540 2330 infacetost
569 2290 789 2331 infacetior
817 2304 930 2343 rure,

168 2343 303 2385 Simul
332 2347 528 2399 poemata
558 2345 712 2400 attigit,
742 2359 876 2399 neque
906 2345 1017 2386 idem
1046 2359 1243 2399 umquam
1288 2353 1328 2385 15
