1601 2697
91 68 198 116 mn]

170 2285 340 2312 cumve.

645 65 798 101 LOEER.

361 173 522 215 Scimus
550 171 654 212 haee
683 171 761 211 tibi
791 184 895 223 quae
924 169 1053 210 licent

416 228 514 269 Sola
544 226 731 280 cognita:
763 225 836 266 sed
864 225 1014 265 marito

416 282 503 323 Isia
531 295 619 322 non
649 281 793 321 eadem
821 280 961 321 licent.

362 337 396 378 O
426 337 595 390 Hymen
623 336 864 389 Hymenaee
894 335 957 388 io,

419 392 452 432 O
483 391 652 444 Hymen
679 390 933 444 Hymenaee.

360 474 524 527 Nupta,
554 474 602 514 ‘cu
631 487 814 526 quoque,
845 486 950 526 quae
979 474 1074 512 ‘tuos

416 528 494 569 Vir
521 530 654 582 petet,
687 542 785 569 cave
814 542 868 568 ne
897 542 1047 582 neges,

414 583 473 624 Ni
501 583 680 637 petibum
711 582 877 624 aliunde
909 586 987 623 eat.

362 637 397 680 Ο
427 638 595 692 Hymen
623 638 865 692 Hymenaee
894 638 956 691 io,

420 693 454 734 O
485 693 653 747 Hymen
681 693 935 747 Hymenaee.

362 775 431 817 En
459 776 538 816 ’cibi
568 776 714 817 domus
743 778 791 816 ut
820 778 970 830 potens

417 831 475 872 Ei:
502 831 624 872 beai-a
653 832 732 872 viri
760 832 842 884 tui,

420 886 534 934 Quae
564 887 642 927 tibi
673 887 762 927 sine
791 887 874 927 fine
905 886 985 927 erit

366 940 420 996 (O
451 941 619 994 Hymen
646 941 888 995 Hymenaee
918 941 979 994 io,

421 996 455 1037 O
485 996 655 1050 Hymen
683 997 967 1052 Hymenaee)7

366 1078 507 1133 Vsque
539 1080 637 1120 dum
665 1080 891 1120 tremulum
919 1092 1094 1119 movens

421 1134 536 1176 Cana
564 1137 729 1188 tempus
759 1135 925 1175 anilitas

421 1190 573 1230 Omnia
603 1190 795 1231 omnibus
826 1190 983 1230 adnuit.

365 1245 400 1287 O
430 1245 599 1298 Hymen
627 1245 868 1299 Hymenaee
899 1245 962 1299 io,

422 1300 456 1342 O
487 1300 656 1354 Hymen
684 1300 938 1354 Hymenaee.

366 1383 565 1425 Transfer
595 1384 734 1425 omine
765 1398 859 1425 eum
888 1384 1000 1424 bono

421 1439 571 1479 Limen
600 1439 790 1480 auxeolos
820 1439 966 1493 pedes,

421 1494 687 1548 Rasilemque
718 1494 810 1535 subi
839 1495 984 1535 forem.

369 1549 404 1591 O
434 1549 602 1603 Hymen
631 1550 872 1603 Hymenaee
902 1550 964 1602 10,

425 1605 458 1646 Ο
489 1605 656 1658 Hymen
686 1605 940 1658 Hymenaee.

367 1688 542 1742 Aspice,
573 1689 685 1730 intus
714 1691 761 1728 ut
791 1688 996 1730 accubans

422 1743 500 1783 Vir
528 1747 623 1784 tuos
653 1743 778 1798 Tyrio
809 1744 855 1785 in
882 1745 976 1784 toro

424 1797 555 1840 Tofius
585 1800 788 1840 inmineat
816 1799 907 1839 tibi.

370 1852 404 1894 O
435 1854 603 1907 Hymen
631 1854 872 1908 Hymenaee
901 1854 962 1906 10,

426 1910 460 1950 Ο
490 1909 661 1963 Hymen
689 1910 942 1963 Hymenaee.

370 1992 440 2034 Illi
469 2007 557 2034 non
586 1993 723 2034 minus
756 2007 803 2034 ae
832 1992 910 2033 tibi

427 2049 602 2090 Pectore
631 2049 766 2089 mitur
795 2048 945 2089 intimo

426 2104 634 2157 Flamma,
667 2104 739 2145 sed
767 2103 909 2157 penite
939 2102 1086 2158 magis.

372 2160 406 2202 O
438 2160 605 2214 Hymen
634 2159 875 2213 Hymenaee
905 2159 967 2213 io,

427 2215 460 2257 O
492 2215 659 2270 Hymen
688 2215 942 2269 Hymenaee.

1310 57 1366 99 33

1302 340 1365 371 145

1305 643 1368 674 150

1309 1249 1372 1280 160

1311 1552 1373 1585 165

1313 1860 1376 1890 170

1315 2164 1378 2196 175
