1574 2692
168 206 309 252 LXVI]
728 204 881 240 LIBER.
1384 201 1439 242 53

223 311 283 353 Vt
310 312 387 353 tibi
415 313 506 352 tum
534 312 625 352 toto
655 312 825 364 pectore
856 310 1059 352 sollicitae

170 367 370 409 Sensibus
400 367 552 420 ereptis
581 380 700 407 mens
731 366 901 407 excidit!
934 369 977 406 at
1004 369 1046 407 te
1077 380 1154 421 ego
1186 368 1296 407 certe
1397 374 1439 405 25

226 422 466 477 Cognoram
495 436 519 462 a
547 436 675 475 parva
703 421 866 475 virgine
895 422 1220 476 magnanimam.

168 477 294 518 Anne
323 477 481 518 bonum
511 477 675 517 oblita's
704 476 886 529 facinus,
919 491 999 530 quo
1020 477 1183 531 regium
1204 476 1386 530 adepta's

226 531 499 587 Coniugium,
531 546 612 586 quo
642 545 730 572 non
758 532 908 573 fortius
940 533 1050 572 ausit
1079 532 1187 572 alis?

170 587 252 630 Sed
271 590 361 628 tum
380 590 540 628 maesta
560 588 695 628 virum
715 587 886 628 mittens
909 601 1012 640 quae
1032 587 1159 628 verba
1178 587 1371 628 locuta's!

224 643 432 697 Iuppiter,
462 645 510 683 ut
538 643 650 683 tristi
679 643 838 683 lumina
868 657 991 696 saepe
1019 644 1164 683 manu!
1398 650 1442 681 30

170 697 272 747 Quis
301 702 343 739 te
372 699 550 739 mutavit
577 700 719 738 tantus
751 698 879 738 deus‘?
911 713 964 738 an
994 698 1105 752 quod
1135 699 1322 739 amantes

225 753 326 795 Non
355 754 482 808 longe
512 768 537 794 a
567 767 662 794 caro
694 761 866 807 corpore
897 753 1041 794 abesse
1071 753 1246 794 volunt?

169 810 310 862 Atque
339 809 398 849 ibi
427 823 493 849 me
525 809 684 849 cunctis
715 822 790 862 pro
822 809 931 849 dulci
963 809 1139 862 coniuge
1170 808 1276 849 divis

224 864 325 906 Non
355 865 444 905 sine
473 865 639 904 taurino
672 864 874 918 sanguine
904 864 1147 917 pollicita’s,

171 919 240 961 Sei
268 919 447 960 reditum
476 920 696 960 tetulisset.
747 920 782 959 is
812 919 916 959 haut
944 920 989 959 in
1017 922 1207 972 tempore
1236 919 1366 974 longo
1399 927 1443 958 35

227 974 404 1029 Captam
433 975 579 1015 Asiam
608 975 794 1029 Aegypti
824 975 977 1015 finibus
1007 974 1233 1016 addiderat.

171 1029 274 1079 Quis
306 1044 384 1084 ego
415 1044 490 1084 pro
521 1030 643 1071 factis
675 1030 842 1070 caelesti
871 1030 1033 1071 reddita
1064 1031 1185 1072 coetu

225 1085 410 1126 Pristina
438 1087 536 1125 vota
565 1099 675 1125 novo
705 1099 876 1126 munere
907 1086 1105 1126 dissoluo.

170 1139 328 1193 Invita,
361 1155 384 1181 o
414 1141 583 1194 regina,
613 1143 686 1181 tuo
718 1141 767 1181 de
797 1141 952 1181 vertice
983 1141 1108 1194 cessi,

225 1195 382 1237 Invita:
412 1195 556 1236 adiuro
586 1198 709 1249 teque
739 1199 938 1249 tuomque
968 1199 1112 1249 caput,
1401 1203 1446 1235 40

170 1242 314 1292 Dierna
340 1252 449 1292 ferat
478 1251 589 1304 quod
619 1251 748 1304 siquis
779 1252 960 1292 inaniter
989 1252 1206 1292 adiurarit:

227 1286 308 1347 §ed
339 1307 408 1360 qui
440 1321 482 1347 se
512 1307 621 1347 ferro
652 1307 837 1360 postulet
866 1321 955 1347 esse
984 1307 1156 1360 parem?

170 1360 248 1403 Ille
277 1376 440 1416 quoque
470 1376 635 1403 eversus
663 1376 786 1402 mons
815 1364 897 1415 est,
927 1376 1049 1416 quem
1069 1363 1297 1403 maximum
1317 1362 1363 1403 in

974 1418 1066 1458 orbi

226 1472 456 1527 Progenies
487 1473 617 1515 Thiae
648 1474 759 1514 clara
789 1472 1098 1527 supervehitur,

172 1527 278 1570 Cum
299 1528 413 1569 Medi
433 1543 630 1582 peperere
650 1543 805 1570 novom
825 1543 952 1582 mare,
983 1543 1159 1582 cumque
1179 1528 1372 1570 iuventus
1402 1535 1445 1567 45

227 1583 308 1624 Per
336 1584 521 1625 medium
553 1585 674 1625 classi
704 1584 881 1625 barbara
909 1584 1026 1624 navit
1054 1584 1212 1625 Athon.

172 1638 282 1688 Quid
311 1639 469 1680 facient
498 1640 653 1692 crines,
685 1654 779 1681 cum
808 1639 918 1680 ferro
948 1640 1049 1680 talia
1079 1639 1258 1681 cedant?

227 1694 434 1748 Iuppiter,
464 1697 511 1735 ut
541 1694 761 1748 Chalybon
791 1709 914 1736 omne
944 1709 1077 1749 genus
1106 1697 1271 1748 pereat,

172 1749 229 1791 Et
260 1750 330 1803 qui
359 1751 567 1803 principio
599 1751 675 1791 sub
706 1754 816 1791 terra
846 1765 1041 1803 quaerere
1071 1765 1199 1791 venas
1274 1801 1282 1804 ᾖ

226 1805 389 1846 Institit
417 1819 464 1846 ac
493 1806 594 1846 ferri
622 1806 816 1860 frangere
847 1806 1060 1846 duritiem!
1403 1812 1448 1844 50

171 1861 408 1902 Abiunctae
437 1861 563 1914 paulo
594 1863 691 1902 ante
723 1875 864 1902 comae
894 1875 986 1901 mea
1015 1861 1105 1901 fata
1134 1874 1298 1902 sorores

226 1915 466 1970 Lugebant,
499 1930 592 1957 cum
624 1930 667 1957 se
697 1916 936 1957 Memnonis
967 1915 1190 1970 Aethiopis

171 1970 371 2025 Vnigena
400 1971 607 2025 inpellens
636 1972 894 2012 nictantibus
925 1986 1021 2012 aera
1049 1972 1200 2025 pennis

229 2026 395 2068 Obtulit
423 2027 625 2067 Arsinoes
657 2026 858 2068 Locridos
888 2027 973 2068 ales
1005 2041 1153 2080 equos,

172 2080 297 2135 Isque
326 2096 401 2135 per
431 2081 636 2123 aetherias
665 2097 732 2123 me
761 2082 914 2123 tollens
945 2082 1084 2123 avolat
1113 2082 1281 2123 umbras
1406 2088 1449 2121 55

228 2136 286 2178 Et
313 2137 490 2178 Veneris
523 2140 636 2178 casto
669 2138 848 2179 collocat
877 2138 922 2178 in
950 2138 1124 2192 gremio.

173 2191 273 2246 Ipsa
301 2206 421 2233 suum
452 2192 689 2246 Zephyritis
721 2207 769 2234 eo
800 2193 1004 2234 famulum
1033 2193 1215 2247 legarat,

232 2247 359 2288 Graia
390 2247 612 2301 Canopieis
643 2248 783 2289 incola
812 2248 1018 2289 litoribus.

176 2301 273 2355 †Hi
303 2303 361 2344 dii
389 2317 470 2343 ven
499 2303 559 2344 ibi
587 2304 704 2344 vario
735 2318 789 2344 ne
820 2304 955 2344 solum
985 2304 1030 2344 in
1060 2303 1217 2344 lumine
1248 2303 1353 2345 caeli

229 2357 295 2399 Ex
323 2358 547 2399 Ariadneis
577 2372 702 2399 aurea
730 2359 989 2413 temporibus
1407 2365 1450 2397 60
