1601 2697
107 169 232 214 LXII]
666 167 818 202 LIBER.
1322 163 1378 203 35

375 273 609 326 Torquatus
637 273 732 313 volo
762 272 958 326 parvolus

430 328 579 368 Matris
610 342 632 368 e
660 328 821 382 gremio
852 342 950 368 suae

429 383 656 437 Porrigens
685 385 850 423 teneras
879 396 1027 423 manus

373 438 503 479 Dulce
530 437 665 478 rideat
693 437 744 477 ad
774 439 935 491 patrem
1314 445 1378 477 215

432 492 671 534 Semhiante
701 493 867 534 labello.

376 569 441 611 Sit
470 583 543 611 suo
575 569 722 611 similis
752 571 861 622 patri

429 625 588 665 Manlio
620 627 661 665 et
688 625 811 665 facile
841 624 1008 665 inscieis

429 679 673 721 Noscitetur
702 680 752 720 ab
784 680 977 721 omnibus

373 735 432 777 Et
460 735 703 788 pudicitiam
735 749 833 775 suae
1314 745 1379 775 220

430 790 576 831 Mat-ris
605 790 764 831 indicet
793 804 875 831 ore.

377 867 490 908 Talis
520 867 632 908 illius
663 882 687 908 a
715 867 826 908 bona

433 922 567 963 Matre
596 923 687 963 laus
717 937 849 976 genus
880 922 1102 977 adprobet,

431 977 573 1025 Qualis
602 978 726 1018 unica
755 978 805 1018 ab
836 978 998 1031 optima

375 1032 510 1073 Matre
540 1032 788 1074 Telemacho
818 1036 962 1074 manet
1315 1042 1380 1074 225

431 1087 560 1128 Fama
587 1087 839 1142 Penelopeo.

376 1163 566 1206 Claudite
597 1165 722 1218 ostia,
753 1165 958 1219 virgines·

431 1219 625 1261 Lusimus
655 1220 768 1261 satis.
810 1222 871 1273 at,
903 1221 1029 1262 bonei

431 1275 662 1330 Coniuges,
692 1276 798 1316 bene
828 1276 954 1317 vivite
985 1279 1026 1317 et

374 1329 549 1371 Munere
579 1308 751 1371 adsiduo
780 1331 990 1372 valentem
1315 1341 1380 1373 230

430 1385 634 1427 Exercete
664 1387 890 1428 inventam.

667 1521 812 1568 LXII.

106 1597 270 1650 Vesper
289 1596 425 1650 adest,
447 1596 636 1650 iuvenes,
660 1596 920 1651 consurgite.
941 1596 1103 1651 Vesper
1124 1598 1248 1652 Olym
1178 1612 1305 1652 ymop

105 1652 340 1706 Expectata
369 1629 441 1693 (1111
470 1652 539 1693 vix
568 1628 740 1693 tandem
769 1652 929 1693 lumina
956 1653 1080 1694 tollit.

111 1707 321 1762 Surgere
309 1722 395 1748 iam
413 1710 597 1770 tempus,
618 1707 703 1748 iam
722 1707 901 1762 pingues
923 1707 1110 1761 linquere
1130 1723 1320 1763 mensaS,

107 1762 197 1804 Iam
226 1763 366 1804 veniet
393 1763 531 1817 virgo,
561 1763 645 1803 iam
676 1762 836 1803 dicetur
864 1762 1145 1816 Hymenaeus.

162 1834 332 1888 Hymen
352 1849 375 1875 ο
397 1834 658 1888 Hymenaee,
689 1833 859 1888 Hymen
879 1834 976 1875 ades
1000 1849 1023 1876 o
1044 1834 1305 1888 Hymenaee!
1358 1843 1379 1875 5

109 1927 311 1982 Cernitis,
341 1928 561 1983 innuptae,
592 1927 790 1969 iuvenes?
823 1929 1064 1991 consurgite
1095 1931 1262 1971 contra:

107 1983 318 2025 Nimirum
350 1984 528 2026 Oetaeos
560 1983 744 2024 ostendit
771 1984 951 2024 noctifer
980 1985 1112 2038 ignes.

110 2038 178 2080 Sic
208 2041 379 2094 certest3
410 2039 535 2081 viden
563 2041 611 2080 ut
639 2039 864 2092 perniciter
895 2039 1105 2080 exiluere?

109 2093 209 2136 Non
229 2096 384 2136 temere
405 2091 604 2148 exiluere,
636 2096 789 2135 canent
809 2094 920 2148 quod
940 2095 1106 2136 vincere
1126 2109 1202 2149 par
1224 2097 1298 2136 est.

165 2165 333 2219 Hymen
352 2180 377 2208 o
397 2166 662 2221 Hymenaee,
692 2165 860 2219 Hymen
881 2165 978 2207 ades
1000 2180 1023 2207 0
1044 2166 1306 2220 Hymenaee!
1339 2175 1382 2206 10

110 2260 210 2301 Non
239 2260 373 2301 facilis
402 2261 546 2314 nobis,
579 2260 789 2314 aequales,
820 2260 960 2314 palma
988 2263 1195 2314 paratast,

109 2315 347 2370 Adspicite,
377 2316 579 2371 innuptae
609 2329 750 2357 secum
778 2317 825 2357 ut
853 2315 1053 2357 meditata
1082 2317 1311 2369 requirunt.

1135 2383 1181 2416 3*
