1601 2697
198 105 253 147 20

217 336 238 366 5

202 613 244 644 10

199 889 241 920 15

196 1167 240 1198 20

208 2279 228 2309 ὅ

742 109 944 145 CATVLLI
1246 111 1477 157 [XXXVIIII.

313 216 585 269 Subsellium,
618 230 712 257 eum
743 219 884 257 orator
914 217 1069 258 excitat
1097 217 1260 271 fletum,

310 272 492 313 Renidet
521 272 603 312 ille.
651 273 711 313 sei
741 272 794 312 ad
823 272 883 326 pii
911 286 1062 326 rogum
1091 273 1152 313 fili

308 327 514 382 Lugetur‚
549 327 650 368 orba
679 341 774 368 eum
803 328 876 368 fiet
904 328 1075 369 unicum
1104 330 1258 381 mater,

310 382 493 423 Renidet
521 382 604 424 ille.
652 383 855 436 quidquid
885 386 967 436 est,
997 383 1307 437 ubieumquest,

312 438 612 491 Quodcumque
633 439 741 493 agit,
762 438 936 479 renidet.
979 438 1094 479 hune
1116 439 1243 479 habet
1261 438 1475 493 morbum,

310 493 458 547 Neque
497 494 754 548 elegantem,
785 496 831 535 ut
860 494 1058 547 arbitror,
1090 509 1225 548 neque
1254 494 1474 536 urbanum.

313 548 451 597 Quare
480 549 738 590 monendum
768 552 851 590 test
880 549 1002 602 mihi,
1034 550 1144 591 bone
1174 550 1344 604 Egnati.

312 604 357 645 Si
386 605 571 645 urbanus
603 619 714 646 esses
744 607 817 645 aut
847 604 1025 646 Sabinus
1056 607 1128 646 aut
1157 604 1307 646 Tiburs

310 661 399 700 Aut
426 660 561 701 fartus
590 659 750 701 Vmber
780 663 852 701 aut
882 660 1032 701 obesus
1062 660 1264 701 Etruscus

309 716 398 756 Aut
426 715 641 756 Lanuinus
673 719 761 757 ater
792 718 916 771 atque
946 716 1140 757 dentatus

309 771 399 811 Aut
428 771 773 825 Transpadanus,
804 774 851 812 ut
879 786 995 812 meos
1026 786 1189 825 quoque
1220 772 1446 827 attingam,

311 827 400 866 Aut
429 827 638 880 quilubet,
670 828 740 881 qui
770 828 929 881 puriter
958 827 1062 868 lavit
1091 828 1257 880 dentes,

309 881 468 922 Tamen
497 882 688 923 renidere
718 897 848 936 usque
879 897 1042 936 quaque
1072 885 1114 924 te
1144 883 1322 924 nollem:

308 937 421 978 Nam
451 937 539 978 risu
568 938 712 991 inepto
742 952 808 978 res
838 938 1021 991 ineptior
1050 939 1219 979 nullast.

309 992 435 1034 Nune
466 992 652 1034 Celtiber
682 1008 744 1034 es:
776 993 1002 1035 Celtiberia
1031 994 1076 1034 in
1104 996 1236 1046 terra,

310 1047 432 1096 Quod
463 1048 637 1102 quisque
667 1049 838 1102 minxit,
869 1048 950 1089 hoo
981 1049 1062 1090 sibi
1092 1050 1199 1090 solet
1228 1063 1350 1090 mane

308 1102 491 1144 Dentem
521 1106 646 1158 atque
676 1119 838 1145 russam
869 1104 1071 1145 defricare
1100 1105 1338 1160 gingivam,

306 1158 365 1200 Vt
395 1173 476 1213 quo
507 1159 586 1200 iste
617 1162 753 1201 vester
784 1160 1008 1214 expolitior
1039 1161 1140 1201 dens
1172 1163 1252 1214 est,

307 1214 401 1256 Hoc
430 1217 472 1255 te
502 1215 681 1269 amplius
712 1216 867 1257 bibisse
898 1216 1111 1270 praedicet
1140 1216 1228 1257 loti.

734 1357 929 1405 XXXX.

308 1436 523 1485 Quaenam
552 1439 594 1478 te
624 1438 735 1478 mala
764 1453 904 1492 mens,
935 1439 1097 1479 miselle
1127 1438 1306 1492 Ravide,

309 1493 415 1547 Agit
443 1493 715 1546 praeeipitem
747 1494 791 1534 111
821 1508 937 1534 meos
967 1494 1158 1534 iambos?

308 1548 409 1596 Quis
442 1549 543 1589 deus
573 1549 652 1589 tibi
681 1563 769 1590 11011
798 1550 904 1591 bene
935 1549 1161 1590 advocatus

305 1603 541 1645 Vecordem
570 1607 693 1658 parat
723 1606 903 1646 excitare
934 1606 1098 1646 rixam?

305 1660 375 1700 An
405 1662 453 1700 ut
481 1661 699 1713 pervenias
730 1661 776 1701 111
806 1675 880 1701 ora
908 1661 1054 1716 vulgi?

306 1714 416 1763 Quid
446 1715 540 1756 vis?
573 1729 653 1770 qua
682 1716 799 1757 lubet
829 1731 919 1757 esse
949 1719 1074 1757 notus
1106 1717 1256 1771 optas?

304 1770 421 1824 Eris,
454 1771 793 1825 quandoquidem
822 1786 938 1812 meos
970 1787 1131 1813 amores

305 1825 411 1868 Cum
441 1826 571 1881 longa
599 1827 768 1868 voluisti
799 1842 937 1868 amare
968 1842 1118 1882 poena.

721 1969 938 2017 XXXXI.

303 2050 504 2091 Ametina
532 2050 673 2104 puella
704 2050 894 2091 defututa

303 2105 410 2146 Tota
439 2105 556 2146 milia
585 2120 652 2146 me
683 2106 827 2147 decem
856 2106 1072 2160 poposcit,

303 2160 391 2201 Ista
420 2161 630 2214 turpiculo
653 2162 801 2224 ‘puella
830 2176 953 2215 naso,

301 2215 548 2257 Deeootoris
580 2231 714 2258 amica
744 2217 972 2258 Formiani.

301 2271 554 2326 Propinqui,
587 2273 737 2326 quibus
769 2275 832 2313 est
860 2273 1000 2327 puella
1031 2287 1172 2327 curae,
