1601 2697
95 194 202 240 mm

655 191 808 227 LIBER.

364 298 556 342 Claustra
584 297 756 352 pandite
785 297 955 350 ianuae,

418 354 551 408 Virgo
583 353 692 394 ades.
731 352 855 393 viden
884 353 931 392 ut
959 351 1071 392 faces

420 408 669 464 Splendidas
700 408 893 462 quatiunt
922 405 1089 448 eomas?

362 464 517 506 Tardet
545 464 751 518 ingenuos
781 462 935 516 pudor:

473 536 496 561 *
636 536 659 561 *
802 534 821 559 ια

474 635 497 662 *
637 635 660 660 *
800 634 822 659 *

473 692 496 716 *
637 691 656 714 *
799 689 822 714 *

475 747 498 770 *
636 746 659 770 *
799 746 821 769 *

364 785 496 834 Quem
525 786 667 825 tamen
696 784 830 838 magis
862 782 1034 824 audiens

418 841 530 894 Flet,
563 840 673 894 quod
702 840 762 880 ire
791 853 960 880 necesse
991 841 1067 881 est.

363 917 484 959 Flere
515 917 669 958 desine.
710 931 797 958 non
825 916 924 968 tibi,
955 916 1011 956 A·

419 973 653 1026 runculeia,
684 972 974 1025 periculum-st,

422 1028 572 1082 Nequa
600 1028 757 1069 femina
785 1026 1000 1081 pulchrior

368 1082 536 1125 Clarum
566 1083 617 1124 ab
650 1082 816 1124 Oceano
848 1082 957 1122 diem

420 1138 585 1179 Viderit
612 1138 862 1179 venientem.

365 1215 479 1256 Talis
509 1216 554 1256 in
583 1216 698 1256 vario
729 1216 837 1256 solet

419 1271 573 1312 Divitis
604 1271 763 1312 domini
793 1271 958 1311 hortulo

423 1326 542 1368 Stare
570 1326 647 1367 flos
676 1326 988 1380 hyacinthinus,

367 1382 447 1424 Sed
478 1382 673 1435 moraris,
706 1382 794 1422 abit
823 1382 930 1422 dies:

423 1437 628 1488 Prodeas,
659 1451 767 1478 nova
797 1440 940 1490 nupta.

365 1515 568 1568 Prodeas‚
598 1528 708 1555 nova
736 1517 886 1568 nupta,
919 1514 954 1554 si

421 1571 512 1612 Iam
540 1570 723 1623 videtur,
756 1572 798 1610 et
827 1569 968 1610 audias

422 1626 580 1667 Nostra
608 1625 746 1666 verba.
791 1625 885 1666 vide
915 1628 962 1666 ut
990 1625 1102 1666 faces

367 1682 528 1723 Aureas
559 1681 753 1734 quatiunt
782 1695 941 1721 comas:

421 1737 624 1790 Prodeas‚
654 1750 764 1777 nova
792 1738 936 1789 nupta.

366 1819 466 1862 Non
494 1822 590 1860 tuos
621 1820 722 1860 levis
753 1820 798 1860 in
826 1819 937 1860 mala

422 1874 599 1916 Deditus
628 1875 692 1915 vir
722 1875 909 1915 adultera

424 1930 583 1971 Probra
611 1930 751 1983 turpia
779 1943 1034 1983 persequens

367 1986 407 2026 A
437 1986 521 2027 tuis
550 1986 705 2026 teneris
734 1986 849 2026 volet

425 2041 631 2082 Secubare
661 2041 851 2094 papillis,

368 2124 502 2166 Lenta
532 2124 633 2178 quin
663 2124 776 2164 velut
805 2124 961 2164 adsitas

424 2179 534 2220 Vitis
564 2179 740 2233 inplicat
769 2179 956 2233 arbores,

423 2235 701 2288 Inplicabitur
729 2235 774 2275 in
802 2236 919 2275 tuom

369 2290 643 2344 Conplexum.
686 2289 758 2330 sed
788 2290 875 2330 abit
904 2289 1011 2331 dies:

425 2345 627 2400 Prodeas,
657 2359 768 2386 nova
795 2347 938 2399 nupta.

1313 183 1364 225 31

1327 788 1369 820 80

1327 844 1367 875 81

1299 919 1368 962 (86)

1298 1141 1369 1183 (90)

1328 1387 1371 1418 90

1328 1687 1370 1718 95

1310 1994 1373 2024 100

1312 2298 1374 2329 105
