1574 2692
178 292 232 334 68
716 294 918 330 CATVLLI
1218 294 1458 340 [LXXXXVL

663 403 969 452 LXXXXVI.

262 480 307 523 Si
337 480 560 535 quicquam
589 480 717 520 mutis
747 482 916 534 gratum
956 481 1224 534 acceptumve
1254 480 1457 535 sepulcris

318 537 521 577 Accidere
552 551 576 576 a
603 537 771 589 nostro,
804 535 952 589 Calve,
984 536 1127 577 dolore
1156 539 1316 591 potest,

262 592 353 641 Quo
386 592 592 633 desiderio
623 593 784 632 veteres
815 606 1064 632 renovamus
1096 606 1258 633 amores

317 649 459 702 Atque
490 647 592 688 olim
622 647 771 688 missas
801 647 948 688 flemus
980 648 1205 700 amicitias,

219 712 239 743 5
262 700 385 746 Certe
417 717 505 744 non
534 705 654 743 tanto
685 716 799 743 mors
830 703 1039 744 inmatura
1069 703 1246 744 dolorist

317 759 565 812 Quintiliae,
597 761 801 812 quantum
830 759 987 813 gaudet
1016 772 1157 800 amore
1187 761 1273 800 tuo.

651 901 977 950 LXXXXVII.

258 976 359 1018 Non
392 977 468 1032 (ita
497 990 564 1018 me
595 976 637 1017 di
668 977 827 1032 ament)
863 978 1084 1031 quicquam
1113 977 1268 1018 referre
1297 977 1456 1032 putavi,

315 1032 523 1073 Vtrumne
554 1046 600 1073 os
632 1047 686 1074 an
717 1033 856 1074 culum
887 1034 1112 1074 olfacerem
1141 1032 1339 1074 Aemilio.

259 1088 360 1130 Nilo
391 1088 588 1130 mundius
619 1088 720 1141 hoc,
751 1089 922 1142 niloque
953 1088 1209 1130 immundior
1239 1088 1329 1142 ille,

314 1143 472 1185 Verum
504 1144 631 1185 etiam
662 1144 778 1185 culus
809 1145 1004 1186 mundior
1035 1147 1076 1186 et
1106 1144 1274 1185 melior:

216 1208 235 1239 5
257 1199 368 1240 Nam
398 1200 488 1240 sine
519 1199 714 1240 dentibus
746 1202 828 1241 est:
867 1200 1013 1242 dentes
1044 1215 1091 1241 os
1121 1199 1454 1254 sesquipedales,

316 1255 520 1310 Gingivas
551 1269 648 1296 vero
679 1256 851 1309 ploxeni
881 1255 1009 1297 habet
1037 1256 1209 1308 veteris,

257 1310 480 1352 Praeterea
509 1311 663 1351 rictum
693 1311 859 1365 qualem
890 1311 1074 1353 diffissus
1104 1312 1149 1352 in
1179 1313 1297 1352 aestu

313 1366 511 1408 Meientis
541 1367 679 1408 mulae
710 1381 871 1408 cunnus
902 1367 1056 1409 habere
1086 1367 1204 1408 solet.

257 1422 340 1463 Hic
371 1423 501 1463 futuit
529 1423 682 1464 multas
715 1425 756 1463 et
786 1437 829 1463 se
859 1423 963 1464 facit
993 1438 1082 1465 esse
1112 1425 1356 1477 venustum,

193 1487 235 1517 10
311 1478 370 1519 Et
398 1492 487 1519 non
516 1479 698 1532 pistrino
728 1479 907 1520 traditur
937 1482 1060 1533 atque
1090 1478 1236 1520 asino?

258 1532 393 1582 Quem
424 1534 543 1588 siqua
573 1534 765 1589 attingit,
796 1549 884 1576 non
914 1535 1031 1576 illam
1060 1549 1183 1589 posse
1213 1537 1406 1589 putemus

313 1590 493 1645 Aegroti
524 1590 663 1631 culum
694 1590 855 1645 lingere
887 1590 1122 1632 carnificis?

632 1732 983 1780 LXXXXVHI.

254 1805 307 1848 In
336 1809 399 1862 te,
432 1808 467 1849 si
497 1808 543 1849 in
573 1822 845 1862 quemquam,
877 1808 960 1850 dici
989 1811 1108 1863 pote,
1139 1809 1283 1863 putide
1313 1808 1450 1864 Victi,

310 1862 360 1904 Id
391 1863 503 1918 quod
533 1864 721 1905 verbosis
753 1864 907 1905 dicitur
937 1866 979 1905 et
1008 1865 1148 1906 fatuis.

254 1917 344 1960 Ista
374 1933 469 1961 cum
499 1919 668 1974 lingua,
700 1920 735 1961 si
765 1935 864 1961 usus
893 1920 1036 1961 veniat
1065 1920 1163 1974 tibi,
1195 1920 1332 1974 possis

313 1975 441 2017 Culos
474 1977 516 2016 et
545 1976 733 2030 crepidas
764 1976 926 2031 lingere
957 1976 1206 2030 carpatinas.

212 2038 232 2070 5
255 2028 300 2072 Si
328 2045 407 2071 nos
438 2031 612 2073 omnino
643 2032 706 2072 vis
737 2046 882 2073 omnes
913 2032 1105 2086 perdere,
1135 2031 1270 2086 Victi,

310 2085 484 2128 Hiscas:
515 2087 688 2128 omnino
721 2088 833 2142 quod
864 2088 981 2142 cupis
1013 2087 1182 2129 efficies.

620 2223 995 2271 LXXXXVHH.

254 2296 445 2353 Surripui
474 2299 573 2352 tibi,
606 2299 704 2340 dum
733 2299 843 2341 ludis
852 2332 863 2353 ,
894 2300 1054 2341 mellite
1085 2298 1270 2354 Iuventi,

311 2353 553 2396 suaviolum
583 2355 694 2397 dulci
725 2355 886 2397 dulcius
916 2355 1137 2396 ambrosia.

252 2408 411 2451 Verum
433 2410 476 2451 id
495 2425 584 2452 non
603 2411 763 2465 inpune
781 2412 881 2453 tuli:
902 2425 1082 2465 namque
1103 2411 1278 2465 amplius
1298 2412 1444 2454 horam

311 2465 518 2507 Suffixum
547 2467 592 2508 in
623 2481 786 2509 summa
814 2482 881 2509 me
908 2467 1081 2509 memini
1112 2481 1202 2508 esse
1232 2480 1371 2522 cruce,
