1574 2692
165 155 218 197 72
699 158 902 195 CATVLLI
1331 157 1442 211 [cxi.

249 265 330 307 Sed
362 266 491 307 cuivis
524 266 712 320 quamvis
744 267 882 320 potius
914 267 1181 308 succumbere
1211 281 1286 321 par
1316 269 1400 322 cst,

304 321 439 371 Quam
468 325 646 364 matrem
676 322 826 363 fraties
857 323 1014 376 effic-cere
1043 337 1093 364 ex
1123 325 1285 377 patiuo.

731 463 871 511 CXII.

247 543 406 586 Multus
434 543 563 585 homo
596 558 638 585 es
667 544 802 598 Naso,
843 558 978 598 neque
1012 547 1149 586 tecum
1177 545 1334 608 multus
1368 544 1443 586 ho·

303 655 552 698 Descendit:
584 655 720 709 Naso,
753 656 910 697 multus
941 603 1291 710 esngfftptitliicus.

719 797 883 844 CXIII.

249 877 434 920 Consule
465 877 668 931 Pompeio
699 878 882 932 primum
913 878 1014 932 cluo7
1048 878 1202 932 Cinna,
1235 878 1427 920 solebant

305 934 543 975 Mucillam:
574 934 687 975 facto
720 934 890 975 consule
921 948 1036 975 nunc
1064 934 1216 975 iterum

248 989 499 1031 Manserunt
529 989 632 1043 duo,
664 989 737 1030 sed
768 992 988 1031 creverunt
1017 990 1133 1030 milia
1162 990 1208 1031 in
1236 1005 1367 1031 unum

306 1044 495 1100 Singula.
536 1045 763 1086 fecundum
794 1060 937 1086 semen
968 1045 1184 1087 adulterio,

712 1187 898 1235 CXIIII.
1474 1175 1503 1230 Q

248 1267 449 1310 Firmano
483 1269 591 1309 saltu
621 1282 709 1309 non
739 1269 846 1309 falso
878 1268 1067 1310 Mentula
1097 1269 1212 1310 dives

305 1324 476 1378 Fmtur,
509 1325 580 1378 qui
610 1326 675 1365 tot
704 1338 770 1365 res
801 1324 846 1364 in
876 1339 919 1365 se
950 1324 1077 1366 habet
1107 1325 1319 1381 egregias,

248 1380 510 1434 Aucupium,
552 1394 675 1421 omne
713 1394 847 1434 genus
885 1380 1033 1434 piscis,
1070 1383 1208 1434 prata,
1255 1395 1353 1422 aiva
1388 1380 1445 1422 fe-

973 1450 1135 1490 rasque

305 1490 591 1545 Nequiquam:
622 1491 782 1532 fructus
815 1492 1049 1545 sumptibus
1081 1494 1292 1546 exuperat.

209 1556 228 1587 5
250 1547 386 1596 Quare
418 1547 602 1588 concedo
636 1547 691 1587 sit
722 1547 856 1600 dives,
889 1547 986 1588 dum
1018 1548 1159 1589 onmia
1189 1548 1339 1589 desint.

308 1603 469 1644 Saltum
500 1602 735 1656 laudemus,
768 1603 866 1643 dum
897 1603 1022 1644 modo
1053 1617 1095 1645 eo
1127 1604 1216 1657 ipse
1247 1604 1380 1658 egeat.

737 1745 875 1793 CXV.

251 1827 442 1869 Mentula
470 1826 600 1867 habes
630 1827 763 1867 instar
792 1827 970 1881 triginta
999 1826 1161 1889 iugera·
1174 1826 1305 1881 prati,

310 1883 596 1937 Quadraginta
626 1882 731 1924 arvi:
764 1884 903 1923 cetexa
933 1884 1031 1923 sunt
1059 1882 1200 1923 maria.

253 1937 337 1980 Cur
366 1953 454 1979 non
484 1938 640 1979 divitiis
672 1937 874 1980 Croesum
906 1952 1100 1993 superare
1129 1938 1301 1991 potissit

308 1994 405 2036 Vno
437 1994 508 2048 qui
537 1994 583 2034 in
614 1994 723 2034 saltu
752 1994 943 2035 totmoda
972 1993 1208 2048 possideat,

210 2059 229 2089 5
250 2049 397 2104 Plata7
429 2064 546 2103 arva,
577 2050 772 2104 ingentes
796 2050 922 2091 silvas
947 2050 1160 2104 saltusque
1190 2049 1449 2103 paludesque

308 2105 452 2159 Vsque
483 2106 535 2146 ad
565 2105 863 2159 Hyperboreos
904 2107 946 2147 et
975 2120 1090 2146 mare
1121 2105 1172 2146 ad
1203 2105 1447 2147 Oceanum?

253 2161 407 2203 Omnia
436 2176 591 2216 magna
619 2161 723 2202 haec
755 2163 871 2216 sunt,
908 2163 1051 2202 tamen
1087 2160 1210 2215 ipses
1242 2161 1448 2201 maximus

978 2218 1105 2270 ultro,

183 2270 192 2291 ⁵
309 2272 408 2314 Non
438 2272 585 2328 homo,
618 2273 690 2314 sed
721 2288 818 2314 v·e10
849 2273 1037 2315 mentula
1066 2286 1222 2328 magna
1251 2272 1406 2313 minax.
