<?xml version="1.0" encoding="UTF-8"?>
<!DOCTYPE html PUBLIC "-//W3C//DTD XHTML 1.0 Transitional//EN"
    "http://www.w3.org/TR/xhtml1/DTD/xhtml1-transitional.dtd">
<html xmlns="http://www.w3.org/1999/xhtml" xml:lang="en" lang="en">
 <head>
  <title>
</title>
<meta http-equiv="Content-Type" content="text/html;charset=utf-8" />
  <meta name='ocr-system' content='tesseract 3.04.00' />
  <meta name='ocr-capabilities' content='ocr_page ocr_carea ocr_par ocr_line ocrx_word'/>
</head>
<body>
  <div class='ocr_page' id='page_1' title='image "./carminamue00catuuoft_0115.png"; bbox 0 0 1601 2697; ppageno 0'>
   <div class='ocr_carea' id='block_1_1' title="bbox 113 147 1385 197">
    <p class='ocr_par' dir='ltr' id='par_1_1' title="bbox 113 147 1385 197">
     <span class='ocr_line' id='line_1_1' title="bbox 113 147 1385 197; baseline 0.002 -10"><span class='ocrx_word' id='word_1_1' title='bbox 113 152 272 197; x_wconf 85' lang='lat' dir='ltr'>LXIIII.]</span> <span class='ocrx_word' id='word_1_2' title='bbox 673 151 825 187; x_wconf 84' lang='lat' dir='ltr'>LIBER.</span> <span class='ocrx_word' id='word_1_3' title='bbox 1328 147 1385 189; x_wconf 86' lang='lat'>49</span> 
     </span>
    </p>
   </div>
   <div class='ocr_carea' id='block_1_2' title="bbox 113 257 1384 588">
    <p class='ocr_par' dir='ltr' id='par_1_2' title="bbox 115 257 1089 312">
     <span class='ocr_line' id='line_1_2' title="bbox 115 257 1089 312; baseline -0.001 -13"><span class='ocrx_word' id='word_1_4' title='bbox 115 258 229 306; x_wconf 86' lang='lat' dir='ltr'>Quae</span> <span class='ocrx_word' id='word_1_5' title='bbox 259 259 374 312; x_wconf 88' lang='lat' dir='ltr'>prius</span> <span class='ocrx_word' id='word_1_6' title='bbox 404 257 449 299; x_wconf 89' lang='lat' dir='ltr'>in</span> <span class='ocrx_word' id='word_1_7' title='bbox 478 258 560 298; x_wconf 91' lang='lat' dir='ltr'>levi</span> <span class='ocrx_word' id='word_1_8' title='bbox 589 258 756 298; x_wconf 88' lang='lat' dir='ltr'>fuerant</span> <span class='ocrx_word' id='word_1_9' title='bbox 787 258 970 299; x_wconf 73' lang='lat' dir='ltr'>extantia</span> <span class='ocrx_word' id='word_1_10' title='bbox 997 258 1089 299; x_wconf 84' lang='lat' dir='ltr'>filo:</span> 
     </span>
    </p>

    <p class='ocr_par' dir='ltr' id='par_1_3' title="bbox 114 313 1118 367">
     <span class='ocr_line' id='line_1_3' title="bbox 114 313 1118 367; baseline -0.001 -13"><span class='ocrx_word' id='word_1_11' title='bbox 114 314 226 354; x_wconf 91' lang='lat' dir='ltr'>Ante</span> <span class='ocrx_word' id='word_1_12' title='bbox 255 314 381 367; x_wconf 90' lang='lat' dir='ltr'>pedes</span> <span class='ocrx_word' id='word_1_13' title='bbox 411 315 548 353; x_wconf 90' lang='lat' dir='ltr'>autem</span> <span class='ocrx_word' id='word_1_14' title='bbox 578 313 794 354; x_wconf 87' lang='lat' dir='ltr'>candentis</span> <span class='ocrx_word' id='word_1_15' title='bbox 823 313 967 353; x_wconf 88' lang='lat' dir='ltr'>mollia</span> <span class='ocrx_word' id='word_1_16' title='bbox 997 313 1118 353; x_wconf 87' lang='lat' dir='ltr'>lanae</span> 
     </span>
    </p>

    <p class='ocr_par' dir='ltr' id='par_1_4' title="bbox 113 368 1013 422">
     <span class='ocr_line' id='line_1_4' title="bbox 113 368 1013 422; baseline 0 -14"><span class='ocrx_word' id='word_1_17' title='bbox 113 368 281 409; x_wconf 77' lang='lat' dir='ltr'>Vellera</span> <span class='ocrx_word' id='word_1_18' title='bbox 308 368 460 422; x_wconf 87' lang='lat' dir='ltr'>virgati</span> <span class='ocrx_word' id='word_1_19' title='bbox 491 368 759 408; x_wconf 71' lang='lat' dir='ltr'><strong>custodibant</strong></span> <span class='ocrx_word' id='word_1_20' title='bbox 788 368 1013 409; x_wconf 85' lang='lat' dir='ltr'>calathisci.</span> 
     </span>
    </p>

    <p class='ocr_par' dir='ltr' id='par_1_5' title="bbox 113 423 1384 531">
     <span class='ocr_line' id='line_1_5' title="bbox 113 423 1384 476; baseline -0.001 -13"><span class='ocrx_word' id='word_1_21' title='bbox 113 423 229 464; x_wconf 91' lang='lat' dir='ltr'>Haec</span> <span class='ocrx_word' id='word_1_22' title='bbox 258 426 347 463; x_wconf 89' lang='lat' dir='ltr'>tum</span> <span class='ocrx_word' id='word_1_23' title='bbox 380 423 585 464; x_wconf 80' lang='lat' dir='ltr'>clarisona</span> <span class='ocrx_word' id='word_1_24' title='bbox 613 425 826 476; x_wconf 86' lang='lat' dir='ltr'>pectentes</span> <span class='ocrx_word' id='word_1_25' title='bbox 857 424 1011 464; x_wconf 85' lang='lat' dir='ltr'>vellera</span> <span class='ocrx_word' id='word_1_26' title='bbox 1039 437 1141 464; x_wconf 87' lang='lat' dir='ltr'>voce</span> <span class='ocrx_word' id='word_1_27' title='bbox 1318 431 1384 462; x_wconf 76' lang='lat'>320</span> 
     </span>
     <span class='ocr_line' id='line_1_6' title="bbox 114 478 974 531; baseline 0 -13"><span class='ocrx_word' id='word_1_28' title='bbox 114 478 232 518; x_wconf 88' lang='lat' dir='ltr'>Talia</span> <span class='ocrx_word' id='word_1_29' title='bbox 261 478 401 518; x_wconf 87' lang='lat' dir='ltr'>divino</span> <span class='ocrx_word' id='word_1_30' title='bbox 430 478 628 519; x_wconf 85' lang='lat' dir='ltr'>fuderunt</span> <span class='ocrx_word' id='word_1_31' title='bbox 657 479 839 519; x_wconf 80' lang='lat' dir='ltr'>carmine</span> <span class='ocrx_word' id='word_1_32' title='bbox 869 479 974 531; x_wconf 88' lang='lat' dir='ltr'>fata,</span> 
     </span>
    </p>

    <p class='ocr_par' dir='ltr' id='par_1_6' title="bbox 114 532 1292 588">
     <span class='ocr_line' id='line_1_7' title="bbox 114 532 1292 588; baseline 0 -14"><span class='ocrx_word' id='word_1_33' title='bbox 114 532 327 586; x_wconf 84' lang='lat' dir='ltr'>Carmine,</span> <span class='ocrx_word' id='word_1_34' title='bbox 356 533 552 587; x_wconf 88' lang='lat' dir='ltr'>perfidiae</span> <span class='ocrx_word' id='word_1_35' title='bbox 584 533 694 586; x_wconf 91' lang='lat' dir='ltr'>quod</span> <span class='ocrx_word' id='word_1_36' title='bbox 723 536 820 587; x_wconf 90' lang='lat' dir='ltr'>post</span> <span class='ocrx_word' id='word_1_37' title='bbox 847 534 963 574; x_wconf 91' lang='lat' dir='ltr'>nulla</span> <span class='ocrx_word' id='word_1_38' title='bbox 991 536 1139 588; x_wconf 91' lang='lat' dir='ltr'>arguet</span> <span class='ocrx_word' id='word_1_39' title='bbox 1168 535 1292 574; x_wconf 75' lang='lat' dir='ltr'>aetas.</span> 
     </span>
    </p>
   </div>
   <div class='ocr_carea' id='block_1_3' title="bbox 111 610 1382 885">
    <p class='ocr_par' dir='ltr' id='par_1_7' title="bbox 114 610 1188 665">
     <span class='ocr_line' id='line_1_8' title="bbox 114 610 1188 665; baseline 0 -14"><span class='ocrx_word' id='word_1_40' title='bbox 114 611 148 652; x_wconf 91' lang='lat' dir='ltr'>O</span> <span class='ocrx_word' id='word_1_41' title='bbox 181 610 305 651; x_wconf 90' lang='lat' dir='ltr'>decus</span> <span class='ocrx_word' id='word_1_42' title='bbox 337 611 532 651; x_wconf 88' lang='lat' dir='ltr'>eximium</span> <span class='ocrx_word' id='word_1_43' title='bbox 561 611 727 664; x_wconf 87' lang='lat' dir='ltr'>magnis</span> <span class='ocrx_word' id='word_1_44' title='bbox 757 611 982 651; x_wconf 88' lang='lat' dir='ltr'>virtutibus</span> <span class='ocrx_word' id='word_1_45' title='bbox 1012 625 1188 665; x_wconf 89' lang='lat' dir='ltr'>augens,</span> 
     </span>
    </p>

    <p class='ocr_par' dir='ltr' id='par_1_8' title="bbox 111 665 1097 719">
     <span class='ocr_line' id='line_1_9' title="bbox 111 665 1097 719; baseline 0 -13"><span class='ocrx_word' id='word_1_46' title='bbox 111 665 331 706; x_wconf 88' lang='lat' dir='ltr'>Emathiae</span> <span class='ocrx_word' id='word_1_47' title='bbox 360 668 548 706; x_wconf 89' lang='lat' dir='ltr'>tutamen</span> <span class='ocrx_word' id='word_1_48' title='bbox 578 667 690 719; x_wconf 88' lang='lat' dir='ltr'>opis,</span> <span class='ocrx_word' id='word_1_49' title='bbox 722 666 948 706; x_wconf 85' lang='lat' dir='ltr'>clarissime</span> <span class='ocrx_word' id='word_1_50' title='bbox 977 668 1097 719; x_wconf 88' lang='lat' dir='ltr'>nato,</span> 
     </span>
    </p>

    <p class='ocr_par' dir='ltr' id='par_1_9' title="bbox 112 720 1382 774">
     <span class='ocr_line' id='line_1_10' title="bbox 112 720 1382 774; baseline -0.002 -13"><span class='ocrx_word' id='word_1_51' title='bbox 112 721 289 774; x_wconf 83' lang='lat' dir='ltr'>Accipe,</span> <span class='ocrx_word' id='word_1_52' title='bbox 321 721 430 774; x_wconf 89' lang='lat' dir='ltr'>quod</span> <span class='ocrx_word' id='word_1_53' title='bbox 460 721 568 761; x_wconf 86' lang='lat' dir='ltr'>laeta</span> <span class='ocrx_word' id='word_1_54' title='bbox 595 721 673 761; x_wconf 87' lang='lat' dir='ltr'>tibi</span> <span class='ocrx_word' id='word_1_55' title='bbox 703 720 893 774; x_wconf 89' lang='lat' dir='ltr'>pandunt</span> <span class='ocrx_word' id='word_1_56' title='bbox 922 721 1012 762; x_wconf 90' lang='lat' dir='ltr'>luce</span> <span class='ocrx_word' id='word_1_57' title='bbox 1043 735 1226 773; x_wconf 85' lang='lat' dir='ltr'>sorores,</span> <span class='ocrx_word' id='word_1_58' title='bbox 1317 729 1382 760; x_wconf 77' lang='lat'>325</span> 
     </span>
    </p>

    <p class='ocr_par' dir='ltr' id='par_1_10' title="bbox 112 775 1297 885">
     <span class='ocr_line' id='line_1_11' title="bbox 112 775 1297 830; baseline 0 -14"><span class='ocrx_word' id='word_1_59' title='bbox 112 775 353 817; x_wconf 86' lang='lat' dir='ltr'>Veridicum</span> <span class='ocrx_word' id='word_1_60' title='bbox 374 777 569 817; x_wconf 88' lang='lat' dir='ltr'>oraclum.</span> <span class='ocrx_word' id='word_1_61' title='bbox 611 776 683 816; x_wconf 88' lang='lat' dir='ltr'>sed</span> <span class='ocrx_word' id='word_1_62' title='bbox 704 790 796 829; x_wconf 85' lang='lat' dir='ltr'>vos,</span> <span class='ocrx_word' id='word_1_63' title='bbox 819 790 922 829; x_wconf 90' lang='lat' dir='ltr'>quae</span> <span class='ocrx_word' id='word_1_64' title='bbox 943 776 1028 816; x_wconf 88' lang='lat' dir='ltr'>fata</span> <span class='ocrx_word' id='word_1_65' title='bbox 1049 779 1297 830; x_wconf 87' lang='lat' dir='ltr'>sequuntur,</span> 
     </span>
     <span class='ocr_line' id='line_1_12' title="bbox 169 830 1205 885; baseline 0 -13"><span class='ocrx_word' id='word_1_66' title='bbox 169 830 332 873; x_wconf 89' lang='lat' dir='ltr'>Currite</span> <span class='ocrx_word' id='word_1_67' title='bbox 363 831 560 872; x_wconf 88' lang='lat' dir='ltr'>ducentes</span> <span class='ocrx_word' id='word_1_68' title='bbox 591 832 874 885; x_wconf 76' lang='lat' dir='ltr'>subtegmina,</span> <span class='ocrx_word' id='word_1_69' title='bbox 907 832 1078 885; x_wconf 88' lang='lat' dir='ltr'>currite,</span> <span class='ocrx_word' id='word_1_70' title='bbox 1108 832 1205 872; x_wconf 87' lang='lat' dir='ltr'>fusi.</span> 
     </span>
    </p>
   </div>
   <div class='ocr_carea' id='block_1_4' title="bbox 111 909 1383 1239">
    <p class='ocr_par' dir='ltr' id='par_1_11' title="bbox 111 909 1383 1171">
     <span class='ocr_line' id='line_1_13' title="bbox 111 909 1106 962; baseline 0 -13"><span class='ocrx_word' id='word_1_71' title='bbox 111 909 320 949; x_wconf 91' lang='lat' dir='ltr'>Adveniet</span> <span class='ocrx_word' id='word_1_72' title='bbox 348 909 426 949; x_wconf 90' lang='lat' dir='ltr'>tibi</span> <span class='ocrx_word' id='word_1_73' title='bbox 456 909 539 949; x_wconf 87' lang='lat' dir='ltr'>iam</span> <span class='ocrx_word' id='word_1_74' title='bbox 569 911 741 962; x_wconf 85' lang='lat' dir='ltr'>portans</span> <span class='ocrx_word' id='word_1_75' title='bbox 772 911 917 962; x_wconf 86' lang='lat' dir='ltr'>optata</span> <span class='ocrx_word' id='word_1_76' title='bbox 945 909 1106 949; x_wconf 86' lang='lat' dir='ltr'>maritis</span> 
     </span>
     <span class='ocr_line' id='line_1_14' title="bbox 112 964 1255 1018; baseline -0.001 -13"><span class='ocrx_word' id='word_1_77' title='bbox 112 964 344 1018; x_wconf 86' lang='lat' dir='ltr'>Hesperus,</span> <span class='ocrx_word' id='word_1_78' title='bbox 375 964 569 1005; x_wconf 86' lang='lat' dir='ltr'>adveniet</span> <span class='ocrx_word' id='word_1_79' title='bbox 596 964 735 1004; x_wconf 84' lang='lat' dir='ltr'>fausto</span> <span class='ocrx_word' id='word_1_80' title='bbox 767 978 859 1004; x_wconf 91' lang='lat' dir='ltr'>cum</span> <span class='ocrx_word' id='word_1_81' title='bbox 890 964 1022 1005; x_wconf 87' lang='lat' dir='ltr'>sidere</span> <span class='ocrx_word' id='word_1_82' title='bbox 1054 965 1255 1017; x_wconf 88' lang='lat' dir='ltr'>coniunx,</span> 
     </span>
     <span class='ocr_line' id='line_1_15' title="bbox 115 1019 1383 1072; baseline -0.001 -13"><span class='ocrx_word' id='word_1_83' title='bbox 115 1019 229 1067; x_wconf 84' lang='lat' dir='ltr'>Quae</span> <span class='ocrx_word' id='word_1_84' title='bbox 257 1019 335 1060; x_wconf 92' lang='lat' dir='ltr'>tibi</span> <span class='ocrx_word' id='word_1_85' title='bbox 364 1019 584 1059; x_wconf 90' lang='lat' dir='ltr'>flexanimo</span> <span class='ocrx_word' id='word_1_86' title='bbox 616 1022 799 1060; x_wconf 90' lang='lat' dir='ltr'>mentem</span> <span class='ocrx_word' id='word_1_87' title='bbox 828 1019 1052 1072; x_wconf 88' lang='lat' dir='ltr'>perfundat</span> <span class='ocrx_word' id='word_1_88' title='bbox 1081 1033 1222 1060; x_wconf 90' lang='lat' dir='ltr'>amore</span> <span class='ocrx_word' id='word_1_89' title='bbox 1316 1027 1383 1058; x_wconf 89' lang='lat'>330</span> 
     </span>
     <span class='ocr_line' id='line_1_16' title="bbox 112 1074 1296 1129; baseline 0.001 -14"><span class='ocrx_word' id='word_1_90' title='bbox 112 1074 478 1129; x_wconf 87' lang='lat' dir='ltr'>Languidulosque</span> <span class='ocrx_word' id='word_1_91' title='bbox 507 1077 628 1128; x_wconf 86' lang='lat' dir='ltr'>paret</span> <span class='ocrx_word' id='word_1_92' title='bbox 655 1077 793 1115; x_wconf 90' lang='lat' dir='ltr'>tecum</span> <span class='ocrx_word' id='word_1_93' title='bbox 824 1074 1077 1129; x_wconf 87' lang='lat' dir='ltr'>coniungere</span> <span class='ocrx_word' id='word_1_94' title='bbox 1107 1089 1296 1128; x_wconf 84' lang='lat' dir='ltr'>somnos,</span> 
     </span>
     <span class='ocr_line' id='line_1_17' title="bbox 113 1129 1092 1171; baseline 0 -1"><span class='ocrx_word' id='word_1_95' title='bbox 113 1129 240 1171; x_wconf 88' lang='lat' dir='ltr'>Levia</span> <span class='ocrx_word' id='word_1_96' title='bbox 270 1130 539 1170; x_wconf 89' lang='lat' dir='ltr'>substernens</span> <span class='ocrx_word' id='word_1_97' title='bbox 569 1129 740 1170; x_wconf 86' lang='lat' dir='ltr'>robusto</span> <span class='ocrx_word' id='word_1_98' title='bbox 772 1129 942 1170; x_wconf 87' lang='lat' dir='ltr'>brachia</span> <span class='ocrx_word' id='word_1_99' title='bbox 973 1130 1092 1170; x_wconf 92' lang='lat' dir='ltr'>collo.</span> 
     </span>
    </p>

    <p class='ocr_par' dir='ltr' id='par_1_12' title="bbox 170 1184 1205 1239">
     <span class='ocr_line' id='line_1_18' title="bbox 170 1184 1205 1239; baseline 0 -13"><span class='ocrx_word' id='word_1_100' title='bbox 170 1184 333 1227; x_wconf 86' lang='lat' dir='ltr'>Currite</span> <span class='ocrx_word' id='word_1_101' title='bbox 364 1185 560 1226; x_wconf 85' lang='lat' dir='ltr'>ducentes</span> <span class='ocrx_word' id='word_1_102' title='bbox 592 1184 877 1239; x_wconf 84' lang='lat' dir='ltr'>subtegmina,</span> <span class='ocrx_word' id='word_1_103' title='bbox 909 1186 1079 1239; x_wconf 88' lang='lat' dir='ltr'>currite,</span> <span class='ocrx_word' id='word_1_104' title='bbox 1110 1185 1205 1226; x_wconf 86' lang='lat' dir='ltr'>fusi.</span> 
     </span>
    </p>
   </div>
   <div class='ocr_carea' id='block_1_5' title="bbox 112 1256 1382 1477">
    <p class='ocr_par' dir='ltr' id='par_1_13' title="bbox 112 1256 1186 1311">
     <span class='ocr_line' id='line_1_19' title="bbox 112 1256 1186 1311; baseline 0.001 -13"><span class='ocrx_word' id='word_1_105' title='bbox 112 1256 240 1299; x_wconf 85' lang='lat' dir='ltr'>Nulla</span> <span class='ocrx_word' id='word_1_106' title='bbox 269 1256 416 1297; x_wconf 86' lang='lat' dir='ltr'>domus</span> <span class='ocrx_word' id='word_1_107' title='bbox 445 1257 550 1297; x_wconf 77' lang='lat' dir='ltr'>tales</span> <span class='ocrx_word' id='word_1_108' title='bbox 579 1271 777 1310; x_wconf 90' lang='lat' dir='ltr'>umquam</span> <span class='ocrx_word' id='word_1_109' title='bbox 808 1257 975 1297; x_wconf 79' lang='lat' dir='ltr'>conexit</span> <span class='ocrx_word' id='word_1_110' title='bbox 1005 1271 1186 1311; x_wconf 89' lang='lat' dir='ltr'>amores,</span> 
     </span>
    </p>

    <p class='ocr_par' dir='ltr' id='par_1_14' title="bbox 114 1312 1382 1366">
     <span class='ocr_line' id='line_1_20' title="bbox 114 1312 1382 1366; baseline 0 -14"><span class='ocrx_word' id='word_1_111' title='bbox 114 1312 264 1353; x_wconf 90' lang='lat' dir='ltr'>Nullus</span> <span class='ocrx_word' id='word_1_112' title='bbox 294 1326 411 1352; x_wconf 93' lang='lat' dir='ltr'>amor</span> <span class='ocrx_word' id='word_1_113' title='bbox 438 1312 514 1352; x_wconf 89' lang='lat' dir='ltr'>tali</span> <span class='ocrx_word' id='word_1_114' title='bbox 545 1312 762 1353; x_wconf 87' lang='lat' dir='ltr'>coniunxit</span> <span class='ocrx_word' id='word_1_115' title='bbox 790 1312 955 1353; x_wconf 89' lang='lat' dir='ltr'>foedere</span> <span class='ocrx_word' id='word_1_116' title='bbox 986 1315 1192 1366; x_wconf 86' lang='lat' dir='ltr'>amantes,</span> <span class='ocrx_word' id='word_1_117' title='bbox 1317 1321 1382 1352; x_wconf 89' lang='lat'>335</span> 
     </span>
    </p>

    <p class='ocr_par' dir='ltr' id='par_1_15' title="bbox 115 1367 1204 1477">
     <span class='ocr_line' id='line_1_21' title="bbox 115 1367 1204 1421; baseline 0 -13"><span class='ocrx_word' id='word_1_118' title='bbox 115 1368 258 1415; x_wconf 81' lang='lat' dir='ltr'>Qualis</span> <span class='ocrx_word' id='word_1_119' title='bbox 289 1368 405 1408; x_wconf 90' lang='lat' dir='ltr'>adest</span> <span class='ocrx_word' id='word_1_120' title='bbox 434 1367 620 1420; x_wconf 88' lang='lat' dir='ltr'>Thetidi,</span> <span class='ocrx_word' id='word_1_121' title='bbox 651 1368 782 1421; x_wconf 91' lang='lat' dir='ltr'>qualis</span> <span class='ocrx_word' id='word_1_122' title='bbox 814 1368 1037 1408; x_wconf 89' lang='lat' dir='ltr'>concordia</span> <span class='ocrx_word' id='word_1_123' title='bbox 1066 1367 1204 1409; x_wconf 92' lang='lat' dir='ltr'>Peleo.</span> 
     </span>
     <span class='ocr_line' id='line_1_22' title="bbox 169 1421 1204 1477; baseline -0.001 -13"><span class='ocrx_word' id='word_1_124' title='bbox 169 1421 333 1464; x_wconf 83' lang='lat' dir='ltr'>Currite</span> <span class='ocrx_word' id='word_1_125' title='bbox 364 1423 561 1463; x_wconf 86' lang='lat' dir='ltr'>ducentes</span> <span class='ocrx_word' id='word_1_126' title='bbox 593 1423 878 1477; x_wconf 82' lang='lat' dir='ltr'>subtegmina,</span> <span class='ocrx_word' id='word_1_127' title='bbox 910 1424 1080 1477; x_wconf 83' lang='lat' dir='ltr'>currite,</span> <span class='ocrx_word' id='word_1_128' title='bbox 1110 1424 1204 1464; x_wconf 88' lang='lat' dir='ltr'>fusi.</span> 
     </span>
    </p>
   </div>
   <div class='ocr_carea' id='block_1_6' title="bbox 113 1493 1383 1770">
    <p class='ocr_par' dir='ltr' id='par_1_16' title="bbox 113 1493 1383 1770">
     <span class='ocr_line' id='line_1_23' title="bbox 113 1493 1082 1548; baseline -0.001 -12"><span class='ocrx_word' id='word_1_129' title='bbox 113 1493 320 1536; x_wconf 87' lang='lat' dir='ltr'>Nascetur</span> <span class='ocrx_word' id='word_1_130' title='bbox 348 1494 467 1535; x_wconf 89' lang='lat' dir='ltr'>vobis</span> <span class='ocrx_word' id='word_1_131' title='bbox 499 1509 644 1548; x_wconf 82' lang='lat' dir='ltr'>expers</span> <span class='ocrx_word' id='word_1_132' title='bbox 674 1495 844 1535; x_wconf 89' lang='lat' dir='ltr'>terroris</span> <span class='ocrx_word' id='word_1_133' title='bbox 875 1494 1082 1548; x_wconf 89' lang='lat' dir='ltr'>Achilles,</span> 
     </span>
     <span class='ocr_line' id='line_1_24' title="bbox 113 1549 1232 1604; baseline 0.001 -14"><span class='ocrx_word' id='word_1_134' title='bbox 113 1549 318 1590; x_wconf 88' lang='lat' dir='ltr'>Hostibus</span> <span class='ocrx_word' id='word_1_135' title='bbox 347 1549 457 1590; x_wconf 87' lang='lat' dir='ltr'>haud</span> <span class='ocrx_word' id='word_1_136' title='bbox 487 1552 628 1604; x_wconf 87' lang='lat' dir='ltr'>tergo,</span> <span class='ocrx_word' id='word_1_137' title='bbox 661 1550 732 1590; x_wconf 91' lang='lat' dir='ltr'>sed</span> <span class='ocrx_word' id='word_1_138' title='bbox 762 1550 862 1590; x_wconf 88' lang='lat' dir='ltr'>forti</span> <span class='ocrx_word' id='word_1_139' title='bbox 892 1552 1059 1603; x_wconf 87' lang='lat' dir='ltr'>pectore</span> <span class='ocrx_word' id='word_1_140' title='bbox 1088 1552 1232 1603; x_wconf 90' lang='lat' dir='ltr'>notus,</span> 
     </span>
     <span class='ocr_line' id='line_1_25' title="bbox 115 1605 1383 1660; baseline 0 -15"><span class='ocrx_word' id='word_1_141' title='bbox 115 1605 195 1653; x_wconf 86' lang='lat' dir='ltr'>Qui</span> <span class='ocrx_word' id='word_1_142' title='bbox 223 1619 421 1659; x_wconf 87' lang='lat' dir='ltr'>persaepe</span> <span class='ocrx_word' id='word_1_143' title='bbox 450 1619 557 1660; x_wconf 88' lang='lat' dir='ltr'>vago</span> <span class='ocrx_word' id='word_1_144' title='bbox 588 1606 720 1646; x_wconf 89' lang='lat' dir='ltr'>victor</span> <span class='ocrx_word' id='word_1_145' title='bbox 751 1606 975 1646; x_wconf 88' lang='lat' dir='ltr'>certamine</span> <span class='ocrx_word' id='word_1_146' title='bbox 1007 1620 1149 1646; x_wconf 89' lang='lat' dir='ltr'>cursus</span> <span class='ocrx_word' id='word_1_147' title='bbox 1317 1613 1383 1645; x_wconf 70' lang='lat'>340</span> 
     </span>
     <span class='ocr_line' id='line_1_26' title="bbox 114 1660 1154 1715; baseline 0.002 -15"><span class='ocrx_word' id='word_1_148' title='bbox 114 1660 326 1701; x_wconf 90' lang='lat' dir='ltr'>Flammea</span> <span class='ocrx_word' id='word_1_149' title='bbox 354 1663 588 1714; x_wconf 84' lang='lat' dir='ltr'>praevertet</span> <span class='ocrx_word' id='word_1_150' title='bbox 618 1661 762 1701; x_wconf 89' lang='lat' dir='ltr'>celeris</span> <span class='ocrx_word' id='word_1_151' title='bbox 793 1661 970 1715; x_wconf 88' lang='lat' dir='ltr'>vestigia</span> <span class='ocrx_word' id='word_1_152' title='bbox 1000 1675 1154 1702; x_wconf 87' lang='lat' dir='ltr'>cervae.</span> 
     </span>
     <span class='ocr_line' id='line_1_27' title="bbox 173 1715 1207 1770; baseline 0.002 -14"><span class='ocrx_word' id='word_1_153' title='bbox 173 1715 337 1757; x_wconf 88' lang='lat' dir='ltr'>Currite</span> <span class='ocrx_word' id='word_1_154' title='bbox 368 1715 565 1757; x_wconf 86' lang='lat' dir='ltr'>ducentes</span> <span class='ocrx_word' id='word_1_155' title='bbox 595 1716 878 1770; x_wconf 86' lang='lat' dir='ltr'>subtegmina,</span> <span class='ocrx_word' id='word_1_156' title='bbox 911 1717 1081 1770; x_wconf 88' lang='lat' dir='ltr'>currite,</span> <span class='ocrx_word' id='word_1_157' title='bbox 1112 1717 1207 1758; x_wconf 88' lang='lat' dir='ltr'>fusi.</span> 
     </span>
    </p>
   </div>
   <div class='ocr_carea' id='block_1_7' title="bbox 114 1786 1381 2064">
    <p class='ocr_par' dir='ltr' id='par_1_17' title="bbox 114 1786 1381 2007">
     <span class='ocr_line' id='line_1_28' title="bbox 114 1786 1160 1841; baseline 0 -12"><span class='ocrx_word' id='word_1_158' title='bbox 114 1786 215 1829; x_wconf 91' lang='lat' dir='ltr'>Non</span> <span class='ocrx_word' id='word_1_159' title='bbox 243 1788 306 1828; x_wconf 87' lang='lat' dir='ltr'>illi</span> <span class='ocrx_word' id='word_1_160' title='bbox 337 1788 556 1841; x_wconf 85' lang='lat' dir='ltr'>quisquam</span> <span class='ocrx_word' id='word_1_161' title='bbox 584 1788 694 1829; x_wconf 86' lang='lat' dir='ltr'>bello</span> <span class='ocrx_word' id='word_1_162' title='bbox 727 1803 769 1829; x_wconf 93' lang='lat' dir='ltr'>se</span> <span class='ocrx_word' id='word_1_163' title='bbox 801 1788 989 1829; x_wconf 85' lang='lat' dir='ltr'>conferet</span> <span class='ocrx_word' id='word_1_164' title='bbox 1017 1788 1160 1841; x_wconf 88' lang='lat' dir='ltr'>heros,</span> 
     </span>
     <span class='ocr_line' id='line_1_29' title="bbox 115 1842 1300 1898; baseline 0.002 -15"><span class='ocrx_word' id='word_1_165' title='bbox 115 1842 220 1884; x_wconf 89' lang='lat' dir='ltr'>Cum</span> <span class='ocrx_word' id='word_1_166' title='bbox 241 1842 415 1897; x_wconf 84' lang='lat' dir='ltr'>Phrygii</span> <span class='ocrx_word' id='word_1_167' title='bbox 436 1843 595 1884; x_wconf 88' lang='lat' dir='ltr'>Teucro</span> <span class='ocrx_word' id='word_1_168' title='bbox 626 1844 854 1884; x_wconf 88' lang='lat' dir='ltr'>manabunt</span> <span class='ocrx_word' id='word_1_169' title='bbox 883 1844 1088 1898; x_wconf 89' lang='lat' dir='ltr'>sanguine</span> <span class='ocrx_word' id='word_1_170' title='bbox 1108 1846 1134 1895; x_wconf 72' lang='grc' dir='ltr'>-Τ</span> <span class='ocrx_word' id='word_1_171' title='bbox 1154 1846 1300 1898; x_wconf 90' lang='lat' dir='ltr'>tenen,</span> 
     </span>
     <span class='ocr_line' id='line_1_30' title="bbox 115 1898 1381 1953; baseline 0 -15"><span class='ocrx_word' id='word_1_172' title='bbox 115 1898 345 1951; x_wconf 91' lang='lat' dir='ltr'>Troicaque</span> <span class='ocrx_word' id='word_1_173' title='bbox 376 1898 571 1939; x_wconf 89' lang='lat' dir='ltr'>obsidens</span> <span class='ocrx_word' id='word_1_174' title='bbox 602 1899 833 1953; x_wconf 88' lang='lat' dir='ltr'>longinquo</span> <span class='ocrx_word' id='word_1_175' title='bbox 864 1900 1030 1939; x_wconf 90' lang='lat' dir='ltr'>moenia</span> <span class='ocrx_word' id='word_1_176' title='bbox 1058 1899 1168 1940; x_wconf 92' lang='lat' dir='ltr'>bello</span> <span class='ocrx_word' id='word_1_177' title='bbox 1318 1908 1381 1939; x_wconf 83' lang='lat'>345</span> 
     </span>
     <span class='ocr_line' id='line_1_31' title="bbox 114 1953 1018 2007; baseline 0.001 -13"><span class='ocrx_word' id='word_1_178' title='bbox 114 1953 273 1994; x_wconf 89' lang='lat' dir='ltr'>Periuri</span> <span class='ocrx_word' id='word_1_179' title='bbox 302 1953 470 2007; x_wconf 87' lang='lat' dir='ltr'>Pelopis</span> <span class='ocrx_word' id='word_1_180' title='bbox 500 1954 681 1995; x_wconf 89' lang='lat' dir='ltr'>vastabit</span> <span class='ocrx_word' id='word_1_181' title='bbox 709 1955 855 1995; x_wconf 88' lang='lat' dir='ltr'>tertius</span> <span class='ocrx_word' id='word_1_182' title='bbox 884 1954 1018 1995; x_wconf 90' lang='lat' dir='ltr'>heres.</span> 
     </span>
    </p>

    <p class='ocr_par' dir='ltr' id='par_1_18' title="bbox 171 2008 1206 2064">
     <span class='ocr_line' id='line_1_32' title="bbox 171 2008 1206 2064; baseline 0.002 -15"><span class='ocrx_word' id='word_1_183' title='bbox 171 2008 333 2050; x_wconf 88' lang='lat' dir='ltr'>Currite</span> <span class='ocrx_word' id='word_1_184' title='bbox 364 2009 561 2050; x_wconf 90' lang='lat' dir='ltr'>ducentes</span> <span class='ocrx_word' id='word_1_185' title='bbox 592 2010 874 2064; x_wconf 85' lang='lat' dir='ltr'>subtegmina,</span> <span class='ocrx_word' id='word_1_186' title='bbox 906 2011 1079 2063; x_wconf 87' lang='lat' dir='ltr'>currite,</span> <span class='ocrx_word' id='word_1_187' title='bbox 1111 2010 1206 2051; x_wconf 86' lang='lat' dir='ltr'>fusi.</span> 
     </span>
    </p>
   </div>
   <div class='ocr_carea' id='block_1_8' title="bbox 114 2080 1384 2302">
    <p class='ocr_par' dir='ltr' id='par_1_19' title="bbox 114 2080 1019 2135">
     <span class='ocr_line' id='line_1_33' title="bbox 114 2080 1019 2135; baseline 0.001 -14"><span class='ocrx_word' id='word_1_188' title='bbox 114 2080 232 2121; x_wconf 88' lang='lat' dir='ltr'>Illius</span> <span class='ocrx_word' id='word_1_189' title='bbox 263 2081 453 2135; x_wconf 86' lang='lat' dir='ltr'>egregias</span> <span class='ocrx_word' id='word_1_190' title='bbox 483 2081 657 2122; x_wconf 89' lang='lat' dir='ltr'>virtutes</span> <span class='ocrx_word' id='word_1_191' title='bbox 689 2082 879 2135; x_wconf 88' lang='lat' dir='ltr'>claraque</span> <span class='ocrx_word' id='word_1_192' title='bbox 908 2082 1019 2123; x_wconf 88' lang='lat' dir='ltr'>facta</span> 
     </span>
    </p>

    <p class='ocr_par' dir='ltr' id='par_1_20' title="bbox 115 2135 1224 2191">
     <span class='ocr_line' id='line_1_34' title="bbox 115 2135 1224 2191; baseline 0.002 -15"><span class='ocrx_word' id='word_1_193' title='bbox 115 2135 245 2190; x_wconf 84' lang='lat' dir='ltr'>Saepe</span> <span class='ocrx_word' id='word_1_194' title='bbox 275 2136 517 2177; x_wconf 85' lang='lat' dir='ltr'>fatebuntur</span> <span class='ocrx_word' id='word_1_195' title='bbox 545 2140 768 2191; x_wconf 84' lang='lat' dir='ltr'>gnatorum</span> <span class='ocrx_word' id='word_1_196' title='bbox 798 2137 843 2178; x_wconf 90' lang='lat' dir='ltr'>in</span> <span class='ocrx_word' id='word_1_197' title='bbox 872 2137 1017 2178; x_wconf 85' lang='lat' dir='ltr'>funere</span> <span class='ocrx_word' id='word_1_198' title='bbox 1047 2140 1224 2191; x_wconf 89' lang='lat' dir='ltr'>matres,</span> 
     </span>
    </p>

    <p class='ocr_par' dir='ltr' id='par_1_21' title="bbox 115 2190 1384 2302">
     <span class='ocr_line' id='line_1_35' title="bbox 115 2190 1384 2234; baseline 0.001 -3"><span class='ocrx_word' id='word_1_199' title='bbox 115 2190 220 2232; x_wconf 91' lang='lat' dir='ltr'>Cum</span> <span class='ocrx_word' id='word_1_200' title='bbox 249 2191 294 2231; x_wconf 92' lang='lat' dir='ltr'>in</span> <span class='ocrx_word' id='word_1_201' title='bbox 321 2192 501 2232; x_wconf 87' lang='lat' dir='ltr'>cinerem</span> <span class='ocrx_word' id='word_1_202' title='bbox 532 2206 657 2233; x_wconf 90' lang='lat' dir='ltr'>canos</span> <span class='ocrx_word' id='word_1_203' title='bbox 688 2193 852 2234; x_wconf 91' lang='lat' dir='ltr'>solvent</span> <span class='ocrx_word' id='word_1_204' title='bbox 881 2207 904 2233; x_wconf 91' lang='lat' dir='ltr'>a</span> <span class='ocrx_word' id='word_1_205' title='bbox 934 2193 1086 2234; x_wconf 90' lang='lat' dir='ltr'>vertice</span> <span class='ocrx_word' id='word_1_206' title='bbox 1117 2194 1252 2234; x_wconf 89' lang='lat' dir='ltr'>crines</span> <span class='ocrx_word' id='word_1_207' title='bbox 1319 2201 1384 2233; x_wconf 87' lang='lat'>350</span> 
     </span>
     <span class='ocr_line' id='line_1_36' title="bbox 116 2246 1213 2302; baseline 0.002 -15"><span class='ocrx_word' id='word_1_208' title='bbox 116 2246 366 2300; x_wconf 88' lang='lat' dir='ltr'>Putridaque</span> <span class='ocrx_word' id='word_1_209' title='bbox 396 2247 572 2288; x_wconf 89' lang='lat' dir='ltr'>infirmis</span> <span class='ocrx_word' id='word_1_210' title='bbox 603 2248 823 2288; x_wconf 88' lang='lat' dir='ltr'>variabunt</span> <span class='ocrx_word' id='word_1_211' title='bbox 851 2250 1022 2302; x_wconf 88' lang='lat' dir='ltr'>pectora</span> <span class='ocrx_word' id='word_1_212' title='bbox 1051 2249 1213 2302; x_wconf 88' lang='lat' dir='ltr'>palmis.</span> 
     </span>
    </p>
   </div>
   <div class='ocr_carea' id='block_1_9' title="bbox 171 2301 1205 2404">
    <p class='ocr_par' dir='ltr' id='par_1_22' title="bbox 171 2301 1205 2404">
     <span class='ocr_line' id='line_1_37' title="bbox 171 2301 1205 2358; baseline 0.001 -15"><span class='ocrx_word' id='word_1_213' title='bbox 171 2301 334 2343; x_wconf 88' lang='lat' dir='ltr'>Currite</span> <span class='ocrx_word' id='word_1_214' title='bbox 365 2302 562 2344; x_wconf 88' lang='lat' dir='ltr'>ducentes</span> <span class='ocrx_word' id='word_1_215' title='bbox 594 2303 879 2358; x_wconf 85' lang='lat' dir='ltr'>subtegmina,</span> <span class='ocrx_word' id='word_1_216' title='bbox 910 2304 1080 2358; x_wconf 90' lang='lat' dir='ltr'>currite,</span> <span class='ocrx_word' id='word_1_217' title='bbox 1111 2304 1205 2345; x_wconf 88' lang='lat' dir='ltr'>fusi.</span> 
     </span>
     <span class='ocr_line' id='line_1_38' title="bbox 180 2368 1183 2404; baseline 0.002 -10"><span class='ocrx_word' id='word_1_218' title='bbox 180 2368 348 2395; x_wconf 58' lang='lat' dir='ltr'>Carvnnvs.</span> <span class='ocrx_word' id='word_1_219' title='bbox 1162 2374 1183 2404; x_wconf 83' lang='lat'>4</span> 
     </span>
    </p>
   </div>
  </div>
 </body>
</html>
