<?xml version="1.0" encoding="UTF-8"?>
<!DOCTYPE html PUBLIC "-//W3C//DTD XHTML 1.0 Transitional//EN"
    "http://www.w3.org/TR/xhtml1/DTD/xhtml1-transitional.dtd">
<html xmlns="http://www.w3.org/1999/xhtml" xml:lang="en" lang="en">
 <head>
  <title>
</title>
<meta http-equiv="Content-Type" content="text/html;charset=utf-8" />
  <meta name='ocr-system' content='tesseract 3.04.00' />
  <meta name='ocr-capabilities' content='ocr_page ocr_carea ocr_par ocr_line ocrx_word'/>
</head>
<body>
  <div class='ocr_page' id='page_1' title='image "./carminamue00catuuoft_0124.png"; bbox 0 0 1574 2692; ppageno 0'>
   <div class='ocr_carea' id='block_1_1' title="bbox 119 156 1400 208">
    <p class='ocr_par' dir='ltr' id='par_1_1' title="bbox 119 156 1400 208">
     <span class='ocr_line' id='line_1_1' title="bbox 119 156 1400 208; baseline -0.002 -9"><span class='ocrx_word' id='word_1_1' title='bbox 119 156 175 199; x_wconf 85' lang='lat'>54</span> <span class='ocrx_word' id='word_1_2' title='bbox 662 160 863 195; x_wconf 81' lang='lat' dir='ltr'><strong>CATVLLI</strong></span> <span class='ocrx_word' id='word_1_3' title='bbox 1260 161 1400 208; x_wconf 74' lang='lat' dir='ltr'>[LXVI.</span> 
     </span>
    </p>
   </div>
   <div class='ocr_carea' id='block_1_2' title="bbox 145 267 1406 2271">
    <p class='ocr_par' dir='ltr' id='par_1_2' title="bbox 145 267 1406 2271">
     <span class='ocr_line' id='line_1_2' title="bbox 206 267 1341 323; baseline 0.002 -15"><span class='ocrx_word' id='word_1_4' title='bbox 206 267 310 308; x_wconf 84' lang='lat' dir='ltr'><strong>Fixa</strong></span> <span class='ocrx_word' id='word_1_5' title='bbox 339 281 494 309; x_wconf 90' lang='lat' dir='ltr'>corona</span> <span class='ocrx_word' id='word_1_6' title='bbox 519 268 648 322; x_wconf 89' lang='lat' dir='ltr'>foret,</span> <span class='ocrx_word' id='word_1_7' title='bbox 679 269 752 309; x_wconf 90' lang='lat' dir='ltr'>sed</span> <span class='ocrx_word' id='word_1_8' title='bbox 781 282 859 309; x_wconf 89' lang='lat' dir='ltr'>nos</span> <span class='ocrx_word' id='word_1_9' title='bbox 891 282 1055 322; x_wconf 87' lang='lat' dir='ltr'>quoque</span> <span class='ocrx_word' id='word_1_10' title='bbox 1085 268 1341 323; x_wconf 80' lang='lat' dir='ltr'>fulgeremus</span> 
     </span>
     <span class='ocr_line' id='line_1_3' title="bbox 261 323 997 377; baseline 0.001 -13"><span class='ocrx_word' id='word_1_11' title='bbox 261 323 449 365; x_wconf 83' lang='lat' dir='ltr'>Devotae</span> <span class='ocrx_word' id='word_1_12' title='bbox 480 324 577 364; x_wconf 86' lang='lat' dir='ltr'>flavi</span> <span class='ocrx_word' id='word_1_13' title='bbox 607 325 774 365; x_wconf 80' lang='lat' dir='ltr'>verticis</span> <span class='ocrx_word' id='word_1_14' title='bbox 806 325 997 377; x_wconf 88' lang='lat' dir='ltr'>exuviae,</span> 
     </span>
     <span class='ocr_line' id='line_1_4' title="bbox 204 378 1383 433; baseline 0.001 -14"><span class='ocrx_word' id='word_1_15' title='bbox 204 378 431 420; x_wconf 86' lang='lat' dir='ltr'>Vvidulam</span> <span class='ocrx_word' id='word_1_16' title='bbox 462 394 485 420; x_wconf 87' lang='lat' dir='ltr'>a</span> <span class='ocrx_word' id='word_1_17' title='bbox 514 380 614 420; x_wconf 85' lang='lat' dir='ltr'>fletu</span> <span class='ocrx_word' id='word_1_18' title='bbox 645 380 862 421; x_wconf 75' lang='lat' dir='ltr'>cedentem</span> <span class='ocrx_word' id='word_1_19' title='bbox 894 380 946 420; x_wconf 91' lang='lat' dir='ltr'>ad</span> <span class='ocrx_word' id='word_1_20' title='bbox 975 380 1133 433; x_wconf 86' lang='lat' dir='ltr'>templa</span> <span class='ocrx_word' id='word_1_21' title='bbox 1164 380 1287 420; x_wconf 89' lang='lat' dir='ltr'>deum</span> <span class='ocrx_word' id='word_1_22' title='bbox 1317 394 1383 420; x_wconf 89' lang='lat' dir='ltr'>me</span> 
     </span>
     <span class='ocr_line' id='line_1_5' title="bbox 263 434 1170 489; baseline 0 -13"><span class='ocrx_word' id='word_1_23' title='bbox 263 434 385 476; x_wconf 80' lang='lat' dir='ltr'>Sidus</span> <span class='ocrx_word' id='word_1_24' title='bbox 415 436 460 475; x_wconf 90' lang='lat' dir='ltr'>in</span> <span class='ocrx_word' id='word_1_25' title='bbox 490 436 672 489; x_wconf 72' lang='lat' dir='ltr'>antiquis</span> <span class='ocrx_word' id='word_1_26' title='bbox 704 435 798 476; x_wconf 84' lang='lat' dir='ltr'>diva</span> <span class='ocrx_word' id='word_1_27' title='bbox 827 449 981 476; x_wconf 82' lang='lat' dir='ltr'>novom</span> <span class='ocrx_word' id='word_1_28' title='bbox 1011 436 1170 488; x_wconf 88' lang='lat' dir='ltr'>posuit:</span> 
     </span>
     <span class='ocr_line' id='line_1_6' title="bbox 146 490 1289 545; baseline 0.001 -14"><span class='ocrx_word' id='word_1_29' title='bbox 146 500 188 531; x_wconf 79' lang='lat'>65</span> <span class='ocrx_word' id='word_1_30' title='bbox 209 490 399 545; x_wconf 82' lang='lat' dir='ltr'>Virginis</span> <span class='ocrx_word' id='word_1_31' title='bbox 430 492 472 532; x_wconf 88' lang='lat' dir='ltr'>et</span> <span class='ocrx_word' id='word_1_32' title='bbox 502 491 615 532; x_wconf 85' lang='lat' dir='ltr'>saevi</span> <span class='ocrx_word' id='word_1_33' title='bbox 646 491 896 545; x_wconf 83' lang='lat' dir='ltr'>contingens</span> <span class='ocrx_word' id='word_1_34' title='bbox 925 505 1106 544; x_wconf 88' lang='lat' dir='ltr'>namque</span> <span class='ocrx_word' id='word_1_35' title='bbox 1137 490 1289 532; x_wconf 84' lang='lat' dir='ltr'>Leonis</span> 
     </span>
     <span class='ocr_line' id='line_1_7' title="bbox 263 545 1132 599; baseline 0.001 -13"><span class='ocrx_word' id='word_1_36' title='bbox 263 545 461 599; x_wconf 81' lang='lat' dir='ltr'>Lumina,</span> <span class='ocrx_word' id='word_1_37' title='bbox 493 546 669 587; x_wconf 73' lang='lat' dir='ltr'>Callisto</span> <span class='ocrx_word' id='word_1_38' title='bbox 706 547 848 587; x_wconf 88' lang='lat' dir='ltr'>iuncta</span> <span class='ocrx_word' id='word_1_39' title='bbox 876 546 1132 599; x_wconf 80' lang='lat' dir='ltr'>Lycaoniae,</span> 
     </span>
     <span class='ocr_line' id='line_1_8' title="bbox 206 601 1335 656; baseline -0.001 -13"><span class='ocrx_word' id='word_1_40' title='bbox 206 601 363 644; x_wconf 84' lang='lat' dir='ltr'>Vertor</span> <span class='ocrx_word' id='word_1_41' title='bbox 392 602 436 642; x_wconf 91' lang='lat' dir='ltr'>in</span> <span class='ocrx_word' id='word_1_42' title='bbox 467 615 682 656; x_wconf 87' lang='lat' dir='ltr'>occasum,</span> <span class='ocrx_word' id='word_1_43' title='bbox 712 602 879 643; x_wconf 89' lang='lat' dir='ltr'>tardum</span> <span class='ocrx_word' id='word_1_44' title='bbox 911 602 993 642; x_wconf 90' lang='lat' dir='ltr'>dux</span> <span class='ocrx_word' id='word_1_45' title='bbox 1024 604 1119 643; x_wconf 83' lang='lat' dir='ltr'>ante</span> <span class='ocrx_word' id='word_1_46' title='bbox 1151 601 1335 655; x_wconf 89' lang='lat' dir='ltr'>Booten,</span> 
     </span>
     <span class='ocr_line' id='line_1_9' title="bbox 265 657 1133 712; baseline 0.001 -15"><span class='ocrx_word' id='word_1_47' title='bbox 265 657 345 707; x_wconf 78' lang='lat' dir='ltr'>Qui</span> <span class='ocrx_word' id='word_1_48' title='bbox 376 657 444 697; x_wconf 88' lang='lat' dir='ltr'>vix</span> <span class='ocrx_word' id='word_1_49' title='bbox 476 672 568 698; x_wconf 88' lang='lat' dir='ltr'>sero</span> <span class='ocrx_word' id='word_1_50' title='bbox 600 659 684 699; x_wconf 86' lang='lat' dir='ltr'>alto</span> <span class='ocrx_word' id='word_1_51' title='bbox 715 658 920 712; x_wconf 74' lang='lat' dir='ltr'>mergitur</span> <span class='ocrx_word' id='word_1_52' title='bbox 951 658 1133 699; x_wconf 86' lang='lat' dir='ltr'>Oceano.</span> 
     </span>
     <span class='ocr_line' id='line_1_10' title="bbox 209 712 1404 767; baseline -0.001 -13"><span class='ocrx_word' id='word_1_53' title='bbox 209 712 291 755; x_wconf 86' lang='lat' dir='ltr'>Sed</span> <span class='ocrx_word' id='word_1_54' title='bbox 337 727 588 767; x_wconf 89' lang='lat' dir='ltr'>quamquam</span> <span class='ocrx_word' id='word_1_55' title='bbox 623 728 689 754; x_wconf 89' lang='lat' dir='ltr'>me</span> <span class='ocrx_word' id='word_1_56' title='bbox 728 717 852 754; x_wconf 87' lang='lat' dir='ltr'>nocte</span> <span class='ocrx_word' id='word_1_57' title='bbox 891 716 1088 767; x_wconf 89' lang='lat' dir='ltr'>premunt</span> <span class='ocrx_word' id='word_1_58' title='bbox 1128 713 1306 767; x_wconf 80' lang='lat' dir='ltr'>vestigia</span> <span class='ocrx_word' id='word_1_59' title='bbox 1346 713 1404 754; x_wconf 89' lang='lat' dir='ltr'>di-</span> 
     </span>
     <span class='ocr_line' id='line_1_11' title="bbox 932 783 1048 822; baseline 0 -13"><span class='ocrx_word' id='word_1_60' title='bbox 932 783 1048 822; x_wconf 89' lang='lat' dir='ltr'>vom,</span> 
     </span>
     <span class='ocr_line' id='line_1_12' title="bbox 145 825 1098 878; baseline 0 -14"><span class='ocrx_word' id='word_1_61' title='bbox 145 834 188 865; x_wconf 72' lang='grc'>70</span> <span class='ocrx_word' id='word_1_62' title='bbox 262 825 354 866; x_wconf 90' lang='lat' dir='ltr'>Lux</span> <span class='ocrx_word' id='word_1_63' title='bbox 384 827 524 866; x_wconf 91' lang='lat' dir='ltr'>autem</span> <span class='ocrx_word' id='word_1_64' title='bbox 555 839 682 866; x_wconf 85' lang='lat' dir='ltr'>canae</span> <span class='ocrx_word' id='word_1_65' title='bbox 713 825 865 878; x_wconf 86' lang='lat' dir='ltr'>Tethyi</span> <span class='ocrx_word' id='word_1_66' title='bbox 896 825 1098 877; x_wconf 74' lang='lat' dir='ltr'>restituit,</span> 
     </span>
     <span class='ocr_line' id='line_1_13' title="bbox 212 880 1281 935; baseline 0.001 -14"><span class='ocrx_word' id='word_1_67' title='bbox 212 880 338 935; x_wconf 83' lang='lat' dir='ltr'>(Pace</span> <span class='ocrx_word' id='word_1_68' title='bbox 368 882 441 921; x_wconf 86' lang='lat' dir='ltr'>tua</span> <span class='ocrx_word' id='word_1_69' title='bbox 470 881 549 921; x_wconf 88' lang='lat' dir='ltr'>fari</span> <span class='ocrx_word' id='word_1_70' title='bbox 578 881 647 922; x_wconf 90' lang='lat' dir='ltr'>hic</span> <span class='ocrx_word' id='word_1_71' title='bbox 678 881 821 933; x_wconf 86' lang='lat' dir='ltr'>liceat,</span> <span class='ocrx_word' id='word_1_72' title='bbox 853 880 1113 922; x_wconf 83' lang='lat' dir='ltr'>Rhamnusia</span> <span class='ocrx_word' id='word_1_73' title='bbox 1142 881 1281 935; x_wconf 84' lang='lat' dir='ltr'>virgo,</span> 
     </span>
     <span class='ocr_line' id='line_1_14' title="bbox 264 935 1302 999; baseline 0 -23"><span class='ocrx_word' id='word_1_74' title='bbox 264 935 457 999; x_wconf 88' lang='lat' dir='ltr'>Namque</span> <span class='ocrx_word' id='word_1_75' title='bbox 488 951 567 991; x_wconf 85' lang='lat' dir='ltr'>ego</span> <span class='ocrx_word' id='word_1_76' title='bbox 598 950 685 977; x_wconf 89' lang='lat' dir='ltr'>non</span> <span class='ocrx_word' id='word_1_77' title='bbox 715 937 801 977; x_wconf 90' lang='lat' dir='ltr'>ullo</span> <span class='ocrx_word' id='word_1_78' title='bbox 832 950 929 977; x_wconf 83' lang='lat' dir='ltr'>vera</span> <span class='ocrx_word' id='word_1_79' title='bbox 958 937 1108 977; x_wconf 87' lang='lat' dir='ltr'>timore</span> <span class='ocrx_word' id='word_1_80' title='bbox 1138 938 1302 991; x_wconf 82' lang='lat' dir='ltr'>teg,am</span> 
     </span>
     <span class='ocr_line' id='line_1_15' title="bbox 210 991 1270 1046; baseline 0.001 -14"><span class='ocrx_word' id='word_1_81' title='bbox 210 991 300 1033; x_wconf 89' lang='lat' dir='ltr'>Nec</span> <span class='ocrx_word' id='word_1_82' title='bbox 331 992 366 1032; x_wconf 87' lang='lat' dir='ltr'>si</span> <span class='ocrx_word' id='word_1_83' title='bbox 396 1006 463 1032; x_wconf 90' lang='lat' dir='ltr'>me</span> <span class='ocrx_word' id='word_1_84' title='bbox 493 992 659 1033; x_wconf 84' lang='lat' dir='ltr'>infestis</span> <span class='ocrx_word' id='word_1_85' title='bbox 691 992 931 1045; x_wconf 87' lang='lat' dir='ltr'>discerpent</span> <span class='ocrx_word' id='word_1_86' title='bbox 961 992 1096 1032; x_wconf 86' lang='lat' dir='ltr'>sidera</span> <span class='ocrx_word' id='word_1_87' title='bbox 1127 992 1270 1046; x_wconf 87' lang='lat' dir='ltr'>dictis,</span> 
     </span>
     <span class='ocr_line' id='line_1_16' title="bbox 268 1046 1195 1102; baseline 0 -14"><span class='ocrx_word' id='word_1_88' title='bbox 268 1046 450 1089; x_wconf 86' lang='lat' dir='ltr'>Condita</span> <span class='ocrx_word' id='word_1_89' title='bbox 480 1048 582 1101; x_wconf 89' lang='lat' dir='ltr'>quin</span> <span class='ocrx_word' id='word_1_90' title='bbox 610 1048 722 1088; x_wconf 80' lang='lat' dir='ltr'>veiei</span> <span class='ocrx_word' id='word_1_91' title='bbox 751 1048 933 1101; x_wconf 86' lang='lat' dir='ltr'>pectoris</span> <span class='ocrx_word' id='word_1_92' title='bbox 966 1048 1195 1102; x_wconf 86' lang='lat' dir='ltr'>evoluam):</span> 
     </span>
     <span class='ocr_line' id='line_1_17' title="bbox 146 1102 1405 1157; baseline 0.002 -15"><span class='ocrx_word' id='word_1_93' title='bbox 146 1110 188 1142; x_wconf 75' lang='lat'>75</span> <span class='ocrx_word' id='word_1_94' title='bbox 209 1102 309 1145; x_wconf 91' lang='lat' dir='ltr'>Non</span> <span class='ocrx_word' id='word_1_95' title='bbox 328 1102 395 1144; x_wconf 87' lang='lat' dir='ltr'>his</span> <span class='ocrx_word' id='word_1_96' title='bbox 416 1105 503 1144; x_wconf 86' lang='lat' dir='ltr'>tam</span> <span class='ocrx_word' id='word_1_97' title='bbox 525 1104 658 1144; x_wconf 86' lang='lat' dir='ltr'>laetor</span> <span class='ocrx_word' id='word_1_98' title='bbox 677 1104 821 1157; x_wconf 86' lang='lat' dir='ltr'>rebus,</span> <span class='ocrx_word' id='word_1_99' title='bbox 851 1117 975 1157; x_wconf 90' lang='lat' dir='ltr'>quam</span> <span class='ocrx_word' id='word_1_100' title='bbox 996 1117 1063 1143; x_wconf 92' lang='lat' dir='ltr'>me</span> <span class='ocrx_word' id='word_1_101' title='bbox 1084 1103 1198 1144; x_wconf 85' lang='lat' dir='ltr'>afore</span> <span class='ocrx_word' id='word_1_102' title='bbox 1221 1118 1405 1157; x_wconf 79' lang='lat' dir='ltr'>semper,</span> 
     </span>
     <span class='ocr_line' id='line_1_18' title="bbox 266 1158 1237 1211; baseline 0 -12"><span class='ocrx_word' id='word_1_103' title='bbox 266 1159 397 1199; x_wconf 83' lang='lat' dir='ltr'>Afore</span> <span class='ocrx_word' id='word_1_104' title='bbox 428 1173 494 1200; x_wconf 92' lang='lat' dir='ltr'>me</span> <span class='ocrx_word' id='word_1_105' title='bbox 527 1174 550 1200; x_wconf 88' lang='lat' dir='ltr'>a</span> <span class='ocrx_word' id='word_1_106' title='bbox 580 1159 773 1200; x_wconf 88' lang='lat' dir='ltr'>dominae</span> <span class='ocrx_word' id='word_1_107' title='bbox 803 1159 958 1200; x_wconf 83' lang='lat' dir='ltr'>vertice</span> <span class='ocrx_word' id='word_1_108' title='bbox 989 1158 1237 1211; x_wconf 87' lang='lat' dir='ltr'>discrucior,</span> 
     </span>
     <span class='ocr_line' id='line_1_19' title="bbox 211 1214 1406 1269; baseline 0 -14"><span class='ocrx_word' id='word_1_109' title='bbox 211 1214 389 1263; x_wconf 82' lang='lat' dir='ltr'>Quicum</span> <span class='ocrx_word' id='word_1_110' title='bbox 421 1229 520 1269; x_wconf 82' lang='lat' dir='ltr'>ego,</span> <span class='ocrx_word' id='word_1_111' title='bbox 561 1215 660 1255; x_wconf 89' lang='lat' dir='ltr'>dum</span> <span class='ocrx_word' id='word_1_112' title='bbox 690 1215 809 1269; x_wconf 79' lang='lat' dir='ltr'>virgo</span> <span class='ocrx_word' id='word_1_113' title='bbox 842 1215 950 1256; x_wconf 86' lang='lat' dir='ltr'>curis</span> <span class='ocrx_word' id='word_1_114' title='bbox 988 1215 1068 1255; x_wconf 84' lang='lat' dir='ltr'>fuit</span> <span class='ocrx_word' id='word_1_115' title='bbox 1106 1215 1300 1255; x_wconf 91' lang='lat' dir='ltr'>omnibus</span> <span class='ocrx_word' id='word_1_116' title='bbox 1340 1229 1406 1255; x_wconf 83' lang='lat' dir='ltr'>ex·</span> 
     </span>
     <span class='ocr_line' id='line_1_20' title="bbox 934 1285 1050 1324; baseline 0 -13"><span class='ocrx_word' id='word_1_117' title='bbox 934 1285 1050 1324; x_wconf 87' lang='lat' dir='ltr'>pers,</span> 
     </span>
     <span class='ocr_line' id='line_1_21' title="bbox 266 1325 1088 1381; baseline -0.001 -14"><span class='ocrx_word' id='word_1_118' title='bbox 266 1325 368 1381; x_wconf 87' lang='lat' dir='ltr'>Vng</span> <span class='ocrx_word' id='word_1_119' title='bbox 370 1326 486 1367; x_wconf 84' lang='lat' dir='ltr'>uenti</span> <span class='ocrx_word' id='word_1_120' title='bbox 516 1325 652 1368; x_wconf 84' lang='lat' dir='ltr'>Suriei</span> <span class='ocrx_word' id='word_1_121' title='bbox 682 1326 798 1367; x_wconf 86' lang='lat' dir='ltr'>milia</span> <span class='ocrx_word' id='word_1_122' title='bbox 828 1326 959 1366; x_wconf 82' lang='lat' dir='ltr'>inulta</span> <span class='ocrx_word' id='word_1_123' title='bbox 989 1326 1088 1367; x_wconf 83' lang='lat' dir='ltr'>bibi.</span> 
     </span>
     <span class='ocr_line' id='line_1_22' title="bbox 212 1341 1321 1436; baseline 0 -13"><span class='ocrx_word' id='word_1_124' title='bbox 212 1341 368 1424; x_wconf 78' lang='lat' dir='ltr'>Nuncg</span> <span class='ocrx_word' id='word_1_125' title='bbox 367 1396 461 1435; x_wconf 85' lang='lat' dir='ltr'>vos,</span> <span class='ocrx_word' id='word_1_126' title='bbox 494 1384 638 1436; x_wconf 89' lang='lat' dir='ltr'>optato</span> <span class='ocrx_word' id='word_1_127' title='bbox 670 1396 796 1436; x_wconf 88' lang='lat' dir='ltr'>quom</span> <span class='ocrx_word' id='word_1_128' title='bbox 826 1382 963 1422; x_wconf 88' lang='lat' dir='ltr'>iunxit</span> <span class='ocrx_word' id='word_1_129' title='bbox 992 1382 1149 1422; x_wconf 89' lang='lat' dir='ltr'>lumine</span> <span class='ocrx_word' id='word_1_130' title='bbox 1179 1382 1321 1436; x_wconf 81' lang='lat' dir='ltr'>taeda,</span> 
     </span>
     <span class='ocr_line' id='line_1_23' title="bbox 146 1415 1239 1492; baseline 0 -14"><span class='ocrx_word' id='word_1_131' title='bbox 146 1446 190 1478; x_wconf 83' lang='lat'>80</span> <span class='ocrx_word' id='word_1_132' title='bbox 267 1437 366 1479; x_wconf 90' lang='lat' dir='ltr'>Non</span> <span class='ocrx_word' id='word_1_133' title='bbox 394 1415 510 1491; x_wconf 88' lang='lat' dir='ltr'>prius</span> <span class='ocrx_word' id='word_1_134' title='bbox 540 1438 751 1479; x_wconf 83' lang='lat' dir='ltr'>unanimis</span> <span class='ocrx_word' id='word_1_135' title='bbox 784 1451 959 1491; x_wconf 73' lang='lat' dir='ltr'>corpora</span> <span class='ocrx_word' id='word_1_136' title='bbox 989 1438 1239 1492; x_wconf 85' lang='lat' dir='ltr'>coniugibus</span> 
     </span>
     <span class='ocr_line' id='line_1_24' title="bbox 211 1493 1176 1547; baseline -0.001 -13"><span class='ocrx_word' id='word_1_137' title='bbox 211 1493 382 1534; x_wconf 87' lang='lat' dir='ltr'>Tradite</span> <span class='ocrx_word' id='word_1_138' title='bbox 411 1493 618 1534; x_wconf 85' lang='lat' dir='ltr'>nudantes</span> <span class='ocrx_word' id='word_1_139' title='bbox 647 1494 803 1534; x_wconf 84' lang='lat' dir='ltr'>reiecta</span> <span class='ocrx_word' id='word_1_140' title='bbox 833 1496 947 1534; x_wconf 86' lang='lat' dir='ltr'>veste</span> <span class='ocrx_word' id='word_1_141' title='bbox 977 1494 1176 1547; x_wconf 83' lang='lat' dir='ltr'>papillas,</span> 
     </span>
     <span class='ocr_line' id='line_1_25' title="bbox 269 1548 1242 1602; baseline 0 -13"><span class='ocrx_word' id='word_1_142' title='bbox 269 1548 403 1597; x_wconf 84' lang='lat' dir='ltr'>Quam</span> <span class='ocrx_word' id='word_1_143' title='bbox 433 1549 613 1590; x_wconf 89' lang='lat' dir='ltr'>iocunda</span> <span class='ocrx_word' id='word_1_144' title='bbox 642 1549 746 1589; x_wconf 90' lang='grc'><strong>1111111</strong></span> <span class='ocrx_word' id='word_1_145' title='bbox 776 1564 950 1590; x_wconf 88' lang='lat' dir='ltr'>munera</span> <span class='ocrx_word' id='word_1_146' title='bbox 979 1549 1082 1590; x_wconf 86' lang='lat' dir='ltr'>libet</span> <span class='ocrx_word' id='word_1_147' title='bbox 1112 1563 1242 1602; x_wconf 84' lang='lat' dir='ltr'>onyx,</span> 
     </span>
     <span class='ocr_line' id='line_1_26' title="bbox 211 1603 1277 1658; baseline 0 -12"><span class='ocrx_word' id='word_1_148' title='bbox 211 1603 368 1646; x_wconf 86' lang='lat' dir='ltr'>Voster</span> <span class='ocrx_word' id='word_1_149' title='bbox 397 1618 529 1658; x_wconf 85' lang='lat' dir='ltr'>onyx,</span> <span class='ocrx_word' id='word_1_150' title='bbox 562 1607 676 1646; x_wconf 85' lang='lat' dir='ltr'>casto</span> <span class='ocrx_word' id='word_1_151' title='bbox 708 1605 851 1658; x_wconf 88' lang='lat' dir='ltr'>petitis</span> <span class='ocrx_word' id='word_1_152' title='bbox 882 1619 986 1658; x_wconf 88' lang='lat' dir='ltr'>quae</span> <span class='ocrx_word' id='word_1_153' title='bbox 1016 1606 1108 1645; x_wconf 82' lang='lat' dir='ltr'>iura</span> <span class='ocrx_word' id='word_1_154' title='bbox 1138 1605 1277 1646; x_wconf 84' lang='lat' dir='ltr'>cubili.</span> 
     </span>
     <span class='ocr_line' id='line_1_27' title="bbox 270 1660 1141 1714; baseline -0.001 -13"><span class='ocrx_word' id='word_1_155' title='bbox 270 1660 351 1701; x_wconf 81' lang='lat' dir='ltr'>Sed</span> <span class='ocrx_word' id='word_1_156' title='bbox 382 1674 485 1714; x_wconf 86' lang='lat' dir='ltr'>quae</span> <span class='ocrx_word' id='word_1_157' title='bbox 517 1675 559 1701; x_wconf 89' lang='lat' dir='ltr'>se</span> <span class='ocrx_word' id='word_1_158' title='bbox 590 1661 740 1714; x_wconf 90' lang='lat' dir='ltr'>inpuro</span> <span class='ocrx_word' id='word_1_159' title='bbox 772 1661 886 1701; x_wconf 88' lang='lat' dir='ltr'>dedit</span> <span class='ocrx_word' id='word_1_160' title='bbox 916 1661 1141 1713; x_wconf 85' lang='lat' dir='ltr'>adulterio,</span> 
     </span>
     <span class='ocr_line' id='line_1_28' title="bbox 148 1716 1279 1770; baseline 0.001 -14"><span class='ocrx_word' id='word_1_161' title='bbox 148 1724 191 1756; x_wconf 87' lang='grc'>85</span> <span class='ocrx_word' id='word_1_162' title='bbox 211 1716 330 1757; x_wconf 87' lang='grc'><strong>1111118</strong></span> <span class='ocrx_word' id='word_1_163' title='bbox 362 1731 386 1756; x_wconf 87' lang='lat' dir='ltr'>a</span> <span class='ocrx_word' id='word_1_164' title='bbox 414 1717 525 1757; x_wconf 91' lang='lat' dir='ltr'>mala</span> <span class='ocrx_word' id='word_1_165' title='bbox 555 1716 666 1756; x_wconf 87' lang='lat' dir='ltr'>dona</span> <span class='ocrx_word' id='word_1_166' title='bbox 694 1717 796 1757; x_wconf 85' lang='lat' dir='ltr'>levis</span> <span class='ocrx_word' id='word_1_167' title='bbox 827 1716 944 1756; x_wconf 88' lang='lat' dir='ltr'>bibat</span> <span class='ocrx_word' id='word_1_168' title='bbox 972 1717 1093 1757; x_wconf 85' lang='lat' dir='ltr'>irrita</span> <span class='ocrx_word' id='word_1_169' title='bbox 1122 1717 1279 1770; x_wconf 88' lang='lat' dir='ltr'>pulvis:</span> 
     </span>
     <span class='ocr_line' id='line_1_29' title="bbox 269 1771 1373 1826; baseline 0.001 -14"><span class='ocrx_word' id='word_1_170' title='bbox 269 1771 462 1825; x_wconf 90' lang='lat' dir='ltr'>Namque</span> <span class='ocrx_word' id='word_1_171' title='bbox 494 1786 572 1826; x_wconf 82' lang='lat' dir='ltr'>ego</span> <span class='ocrx_word' id='word_1_172' title='bbox 604 1772 654 1812; x_wconf 88' lang='lat' dir='ltr'>ab</span> <span class='ocrx_word' id='word_1_173' title='bbox 685 1772 871 1826; x_wconf 84' lang='lat' dir='ltr'>indignis</span> <span class='ocrx_word' id='word_1_174' title='bbox 901 1772 1087 1825; x_wconf 84' lang='lat' dir='ltr'>praemia</span> <span class='ocrx_word' id='word_1_175' title='bbox 1115 1772 1233 1812; x_wconf 90' lang='lat' dir='ltr'>nulla</span> <span class='ocrx_word' id='word_1_176' title='bbox 1262 1774 1373 1826; x_wconf 87' lang='lat' dir='ltr'>peto.</span> 
     </span>
     <span class='ocr_line' id='line_1_30' title="bbox 214 1827 1388 1882; baseline 0 -14"><span class='ocrx_word' id='word_1_177' title='bbox 214 1827 294 1869; x_wconf 89' lang='lat' dir='ltr'>Sed</span> <span class='ocrx_word' id='word_1_178' title='bbox 324 1828 483 1882; x_wconf 81' lang='lat' dir='ltr'>magis,</span> <span class='ocrx_word' id='word_1_179' title='bbox 515 1842 539 1868; x_wconf 95' lang='grc'><strong>0</strong></span> <span class='ocrx_word' id='word_1_180' title='bbox 570 1829 745 1881; x_wconf 87' lang='lat' dir='ltr'>nuptae,</span> <span class='ocrx_word' id='word_1_181' title='bbox 777 1842 942 1881; x_wconf 89' lang='lat' dir='ltr'>semper</span> <span class='ocrx_word' id='word_1_182' title='bbox 972 1828 1197 1868; x_wconf 87' lang='lat' dir='ltr'>concordia</span> <span class='ocrx_word' id='word_1_183' title='bbox 1226 1831 1388 1872; x_wconf 78' lang='lat' dir='ltr'>vostras</span> 
     </span>
     <span class='ocr_line' id='line_1_31' title="bbox 271 1882 1165 1937; baseline 0 -14"><span class='ocrx_word' id='word_1_184' title='bbox 271 1882 444 1937; x_wconf 81' lang='lat' dir='ltr'>Semper</span> <span class='ocrx_word' id='word_1_185' title='bbox 474 1897 591 1924; x_wconf 86' lang='lat' dir='ltr'>amor</span> <span class='ocrx_word' id='word_1_186' title='bbox 621 1883 739 1923; x_wconf 87' lang='lat' dir='ltr'>sedes</span> <span class='ocrx_word' id='word_1_187' title='bbox 770 1883 928 1924; x_wconf 90' lang='lat' dir='ltr'>incolat</span> <span class='ocrx_word' id='word_1_188' title='bbox 957 1883 1165 1924; x_wconf 89' lang='lat' dir='ltr'>adsiduos.</span> 
     </span>
     <span class='ocr_line' id='line_1_32' title="bbox 213 1938 1238 1993; baseline 0.001 -15"><span class='ocrx_word' id='word_1_189' title='bbox 213 1938 277 1979; x_wconf 87' lang='lat' dir='ltr'>Tu</span> <span class='ocrx_word' id='word_1_190' title='bbox 307 1953 425 1991; x_wconf 87' lang='lat' dir='ltr'>vero,</span> <span class='ocrx_word' id='word_1_191' title='bbox 457 1939 622 1993; x_wconf 80' lang='lat' dir='ltr'>regina,</span> <span class='ocrx_word' id='word_1_192' title='bbox 652 1941 775 1979; x_wconf 89' lang='lat' dir='ltr'>tuens</span> <span class='ocrx_word' id='word_1_193' title='bbox 807 1953 901 1979; x_wconf 87' lang='lat' dir='ltr'>cum</span> <span class='ocrx_word' id='word_1_194' title='bbox 933 1939 1070 1980; x_wconf 87' lang='lat' dir='ltr'>sidera</span> <span class='ocrx_word' id='word_1_195' title='bbox 1100 1939 1238 1980; x_wconf 86' lang='lat' dir='ltr'>divam</span> 
     </span>
     <span class='ocr_line' id='line_1_33' title="bbox 148 1993 1124 2047; baseline 0.001 -13"><span class='ocrx_word' id='word_1_196' title='bbox 148 2002 193 2034; x_wconf 80' lang='lat'>90</span> <span class='ocrx_word' id='word_1_197' title='bbox 268 1993 460 2035; x_wconf 86' lang='lat' dir='ltr'>Placabis</span> <span class='ocrx_word' id='word_1_198' title='bbox 491 1995 610 2035; x_wconf 83' lang='lat' dir='ltr'>festis</span> <span class='ocrx_word' id='word_1_199' title='bbox 641 1995 867 2035; x_wconf 88' lang='lat' dir='ltr'>luminibus</span> <span class='ocrx_word' id='word_1_200' title='bbox 898 1994 1124 2047; x_wconf 87' lang='lat' dir='ltr'>Venerem,</span> 
     </span>
     <span class='ocr_line' id='line_1_34' title="bbox 214 2049 1293 2104; baseline 0 -14"><span class='ocrx_word' id='word_1_201' title='bbox 214 2049 426 2103; x_wconf 81' lang='lat' dir='ltr'>Vnguinis</span> <span class='ocrx_word' id='word_1_202' title='bbox 458 2052 670 2104; x_wconf 87' lang='lat' dir='ltr'>expertem</span> <span class='ocrx_word' id='word_1_203' title='bbox 699 2064 787 2090; x_wconf 90' lang='lat' dir='ltr'>non</span> <span class='ocrx_word' id='word_1_204' title='bbox 817 2050 911 2090; x_wconf 87' lang='lat' dir='ltr'>siris</span> <span class='ocrx_word' id='word_1_205' title='bbox 943 2064 1032 2091; x_wconf 87' lang='lat' dir='ltr'>esse</span> <span class='ocrx_word' id='word_1_206' title='bbox 1061 2052 1176 2090; x_wconf 88' lang='lat' dir='ltr'>tuam</span> <span class='ocrx_word' id='word_1_207' title='bbox 1205 2065 1293 2104; x_wconf 87' lang='lat' dir='ltr'>me,</span> 
     </span>
     <span class='ocr_line' id='line_1_35' title="bbox 272 2105 1126 2159; baseline 0 -13"><span class='ocrx_word' id='word_1_208' title='bbox 272 2105 353 2146; x_wconf 87' lang='lat' dir='ltr'>Sed</span> <span class='ocrx_word' id='word_1_209' title='bbox 382 2106 523 2159; x_wconf 87' lang='lat' dir='ltr'>potius</span> <span class='ocrx_word' id='word_1_210' title='bbox 553 2106 682 2159; x_wconf 82' lang='lat' dir='ltr'>largis</span> <span class='ocrx_word' id='word_1_211' title='bbox 714 2106 842 2146; x_wconf 87' lang='lat' dir='ltr'>adfice</span> <span class='ocrx_word' id='word_1_212' title='bbox 872 2106 1126 2147; x_wconf 83' lang='lat' dir='ltr'>muneribus.</span> 
     </span>
     <span class='ocr_line' id='line_1_36' title="bbox 215 2159 1286 2215; baseline 0 -13"><span class='ocrx_word' id='word_1_213' title='bbox 215 2159 360 2202; x_wconf 83' lang='lat' dir='ltr'>Sidera</span> <span class='ocrx_word' id='word_1_214' title='bbox 390 2164 633 2202; x_wconf 86' lang='lat' dir='ltr'>corruerent</span> <span class='ocrx_word' id='word_1_215' title='bbox 661 2161 841 2202; x_wconf 83' lang='lat' dir='ltr'>utinam!</span> <span class='ocrx_word' id='word_1_216' title='bbox 875 2175 993 2202; x_wconf 88' lang='lat' dir='ltr'>coma</span> <span class='ocrx_word' id='word_1_217' title='bbox 1023 2161 1138 2215; x_wconf 81' lang='lat' dir='ltr'>regia</span> <span class='ocrx_word' id='word_1_218' title='bbox 1168 2161 1286 2202; x_wconf 81' lang='lat' dir='ltr'>fiam:</span> 
     </span>
     <span class='ocr_line' id='line_1_37' title="bbox 270 2215 1183 2271; baseline 0.001 -15"><span class='ocrx_word' id='word_1_219' title='bbox 270 2215 490 2257; x_wconf 87' lang='lat' dir='ltr'>Proximus</span> <span class='ocrx_word' id='word_1_220' title='bbox 521 2216 764 2270; x_wconf 88' lang='lat' dir='ltr'>Hydrochoi</span> <span class='ocrx_word' id='word_1_221' title='bbox 796 2217 977 2271; x_wconf 84' lang='lat' dir='ltr'>fulgeret</span> <span class='ocrx_word' id='word_1_222' title='bbox 1008 2216 1183 2258; x_wconf 74' lang='lat' dir='ltr'>Oarion!</span> 
     </span>
    </p>
   </div>
   <div class='ocr_carea' id='block_1_3' title="bbox 668 2320 869 2325">
    <p class='ocr_par' dir='ltr' id='par_1_3' title="bbox 668 2320 869 2325">
     <span class='ocr_line' id='line_1_38' title="bbox 668 2320 869 2325; baseline 0 0"><span class='ocrx_word' id='word_1_223' title='bbox 668 2320 869 2325; x_wconf 95' lang='lat' dir='ltr'> </span> 
     </span>
    </p>
   </div>
  </div>
 </body>
</html>
