1601 2697
138 170 198 216 x.]
690 169 843 206 LIBER.
1384 168 1410 209 5

195 275 261 316 Ibi
290 274 364 316 issa
391 276 525 316 multa
553 277 644 316 tum
674 276 816 317 iocosa
845 276 1020 330 fiebant,

196 330 309 378 Quae
337 333 384 372 tu
412 331 582 372 volebas
612 345 690 372 neo
718 332 858 385 puella
885 332 1068 374 nolebat.

193 385 363 427 Fulsere
392 400 488 427 vere
519 386 686 427 candidi
713 387 791 427 tibi
821 387 943 428 soles.

194 440 318 482 Nune
346 441 431 482 iam
459 441 533 482 illa,
552 455 639 482 non
659 442 767 483 vult:
797 444 844 482 tu
865 456 1041 496 quoque,
1063 443 1272 505 inpotens,
1293 442 1382 483 noli

193 496 285 538 Neo
314 510 418 550 quae
447 496 558 551 fugit
588 499 764 550 sectare,
794 511 872 538 nec
900 498 1027 538 miser
1055 498 1168 552 vive,
1368 506 1411 538 10

195 551 276 593 Sed
307 530 520 592 obstinata
548 554 689 593 mente
718 552 876 605 perfer,
914 539 1084 594 obdura.

193 606 319 660 Vale,
349 607 501 661 puella.
547 607 631 648 iam
661 606 850 649 Catullus
881 608 1078 661 obdurat,

193 661 284 703 Nee
312 664 354 703 te
382 663 566 716 requiret
593 677 671 703 nee
700 663 868 717 rogabit
900 640 1097 705 invitani.

194 719 254 758 At
281 719 328 758 tu
359 717 538 770 dolebis,
571 732 664 759 cum
694 718 911 772 rogaberis
940 719 1066 760 nulla.

195 772 397 825 Scelesta,
427 787 503 814 vae
532 775 591 814 te!
625 787 728 826 quae
757 774 836 814 tibi
864 777 1007 815 manet
1034 774 1139 815 vita!
1369 781 1411 814 15

195 827 297 876 Quis
326 842 439 869 nune
467 831 509 869 te
540 827 702 869 adibit?
735 829 800 870 cui
829 829 1036 870 videberis
1066 829 1206 871 bella?

195 883 327 932 Quem
356 897 469 924 nuno
498 883 685 924 amabis?
718 884 834 924 cuius
866 898 955 925 esse
986 884 1163 926 diceris?

195 938 327 987 Quem
356 939 566 979 basiabis‘?
600 939 665 979 eui
695 939 847 980 labella
875 939 1115 981 mordebis?

194 995 253 1034 At
281 997 348 1047 tu,
380 992 565 1047 Catulle,
597 994 827 1035 destinatus
859 995 1029 1036 obdura.

694 1135 844 1182 VIIII.

192 1214 370 1268 Verani,
402 1216 595 1256 omnibus
626 1230 647 1256 e
677 1216 781 1256 meis
813 1217 957 1258 amieis

193 1271 417 1311 Antistans
447 1271 550 1311 mihi
581 1271 750 1312 milibus
780 1273 999 1325 trecentis,

193 1325 414 1367 Venistine
446 1326 614 1367 domum
644 1326 695 1367 ad
725 1329 821 1368 tuos
852 1326 1031 1368 Penates

193 1380 443 1435 Fratresque
474 1382 696 1422 unanimos
726 1396 934 1436 anumque
964 1383 1172 1424 matrem?

192 1435 372 1477 Venisti.
419 1451 442 1477 o
473 1437 576 1478 mihi
605 1438 743 1478 nuntii
773 1437 904 1479 beati!
1390 1447 1411 1479 5

193 1491 339 1533 Visam
368 1494 410 1533 te
440 1492 692 1533 ineolumem
723 1493 968 1547 audiamque
998 1493 1203 1535 Hiberum

193 1546 447 1588 Narrantem
477 1548 588 1601 loca,
619 1548 750 1600 faeta,
781 1549 995 1602 nationes,

193 1601 254 1642 Vt
281 1616 372 1643 mos
404 1605 467 1644 est
494 1605 608 1656 tuus,
640 1581 935 1658 adplicansque
967 1605 1122 1646 collum

194 1657 426 1698 Iocundum
456 1672 502 1699 os
533 1636 757 1713 oelilosque
788 1660 1022 1701 suaviabor.

196 1712 231 1754 O
261 1715 504 1766 quantumst
532 1713 750 1755 hominum
779 1714 1034 1769 beatiorum,
1370 1723 1414 1755 10

195 1767 306 1816 Quid
334 1782 400 1809 me
430 1769 580 1813 laetius
611 1773 674 1810 est
703 1770 946 1812 beatiusve‘?

741 1911 799 1958 X.

199 1988 331 2031 Varus
361 2004 427 2031 me
456 2005 572 2031 meus
604 1991 655 2031 ad
686 2005 782 2032 suos
814 2006 976 2033 amores

193 2044 344 2086 Visum
373 2045 547 2087 duxerat
577 2060 598 2087 e
628 2046 720 2088 foro
752 2047 954 2100 otiosum,

195 2099 457 2155 Scortillum,
488 2105 535 2142 ut
563 2101 667 2142 mihi
695 2104 786 2143 tum
815 2079 987 2156 repen'te
1016 2102 1213 2157 visumst,

193 2154 294 2196 Non
324 2170 424 2197 sane
453 2157 685 2219 inlepidum
714 2172 849 2212 neque
878 2158 1160 2199 invenustum.

194 2209 290 2252 Huc
318 2214 366 2252 ut
393 2212 604 2266 venimus,
637 2212 819 2254 incidere
848 2213 972 2254 nobis
1392 2222 1412 2254 5

196 2264 418 2307 Sermones
446 2268 570 2321 varii,
601 2268 647 2309 in
676 2269 844 2322 quibus,
876 2268 975 2322 quid
1004 2270 1115 2309 esset

194 2319 285 2362 Iam
316 2321 535 2376 Bithynia,
567 2337 648 2377 quo
679 2323 804 2365 modo
835 2337 878 2364 se
908 2323 1103 2377 haberet,
