1601 2697
119 627 161 657 10

112 1736 155 1768 10

125 2292 145 2323 5

662 123 863 159 CATVLLI

230 230 371 272 Velles
403 230 559 283 dicere,
590 243 667 270 nec
696 231 833 271 tacere
864 244 1020 292 posses.

229 286 387 327 Verum
417 285 662 338 nescioquid
691 285 934 325 febriculosi

230 341 366 383 Scorti
397 341 557 395 diligis.
589 340 669 380 hoc
699 340 828 394 pudet
857 340 992 381 fateri.

229 397 338 437 Nam
368 399 410 437 te
439 410 527 436 non
555 395 700 436 viduas
731 395 865 436 iacere
894 399 1039 437 noctes

228 451 495 506 Nequiquam
524 451 700 491 tacitum
731 451 866 492 cubile
898 451 1051 492 clamat

229 507 359 548 Sertis
391 521 439 548 30
469 506 590 560 Syrio
620 506 814 560 fragrans
845 506 974 559 olivo,

228 563 513 616 Pulvinusque
541 576 746 615 peraeque
778 563 820 602 et
847 560 915 602 hic
946 564 987 602 et
1016 562 1088 602 ille

226 619 432 670 Attritus,
463 617 713 670 tremulique
744 631 896 670 quassa
926 617 1024 658 lecti

228 674 454 727 Argutatio
485 672 854 726 inambulatioque.

227 728 340 770 Nam
369 729 431 769 nil
461 730 605 782 stupra
634 728 764 781 valet,
795 727 919 780 nihil,
950 730 1097 769 tacere.

229 784 341 825 Cur?
373 798 458 824 non
488 788 574 824 tam
605 784 735 824 latera
766 784 951 824 ecfututa
979 784 1159 838 pandas,

227 839 309 880 Nei
338 842 385 879 tu
416 839 514 893 quid
543 840 673 880 facias
703 839 966 892 ineptiarum.

227 895 363 943 Quare
395 894 595 948 quidquid
625 894 753 935 habes
785 895 885 934 boni
913 895 1114 948 malique,

227 949 307 991 Dic
339 950 474 990 nobis.
519 950 614 990 volo
644 952 686 990 te
716 963 763 990 ac
793 952 887 990 tuos
919 964 1081 991 amores

227 1005 295 1046 Ad
325 1005 485 1047 caelum
517 1005 655 1059 lepido
687 1020 835 1046 vocare
866 1020 999 1046 versu.

228 1228 420 1281 Quaeris,
453 1230 556 1282 quot
583 1227 689 1268 mihi
717 1228 972 1268 basiationes

227 1284 359 1337 Tuae,
389 1284 556 1336 Lesbia,
589 1284 674 1324 sint
704 1284 805 1324 satis
836 1289 1051 1337 superque.

227 1339 362 1388 Quam
391 1353 570 1394 magnus
601 1353 797 1379 numerus
827 1338 1027 1392 Libyssae
1058 1353 1208 1380 arenae

226 1395 543 1449 Lasarpiciferis
573 1395 680 1435 iacet
711 1394 906 1448 Cyrenis,

226 1451 421 1492 Oraclum
452 1450 564 1491 lovis
598 1451 708 1491 inter
738 1450 921 1491 aestuosi

225 1506 283 1547 Et
311 1506 427 1547 Batti
456 1506 609 1547 veteris
640 1520 805 1547 sacrum
835 1506 1091 1559 sepulcrum,

224 1563 313 1602 Aut
341 1575 467 1615 quam
498 1561 634 1602 sidera
663 1562 814 1614 multa,
851 1575 946 1602 cum
975 1564 1087 1602 tacet
1116 1575 1221 1616 nox,

225 1617 419 1658 Furtivos
449 1617 669 1658 hominum
700 1618 844 1658 vident
874 1631 1056 1671 amores,

225 1672 328 1714 Tam
358 1675 400 1713 te
430 1673 546 1714 basia
575 1673 706 1713 multa
735 1673 898 1714 basiare

220 1728 387 1770 Vesano
419 1729 520 1769 satis
552 1731 594 1769 et
623 1742 747 1782 super
778 1728 1007 1783 Catullost,

224 1783 338 1832 Quae
367 1798 445 1825 1100
475 1798 769 1838 pernumerare
800 1785 952 1825 curiosi

222 1839 393 1880 Possint
422 1854 500 1881 nec
530 1841 640 1881 mala
668 1840 873 1880 fascinare
903 1840 1060 1895 lingua.

679 1982 807 2030 VIII.

221 2062 350 2103 Miser
381 2062 564 2118 Catulle,
597 2064 761 2106 desinas
792 2064 990 2118 ineptire,

219 2118 277 2159 Et
306 2118 417 2172 quod
447 2119 562 2160 vides
591 2120 750 2173 perisse
779 2121 990 2174 perditum
1020 2119 1158 2161 ducas.

219 2173 391 2215 Fulsere
423 2175 633 2228 quondam
665 2176 831 2216 candidi
861 2175 939 2216 tibi
969 2175 1100 2228 soles,

219 2229 325 2270 Cum
355 2230 590 2271 ventitabas
622 2245 703 2284 quo
733 2231 872 2285 puella
901 2231 1079 2272 ducebat

216 2285 372 2326 Amata
400 2286 523 2327 nobis
555 2289 758 2340 quantum
788 2287 996 2328 amabitur
1025 2288 1151 2328 nulla.

1318 126 1395 173 [VL
