1601 2697
185 170 242 212 40
726 173 939 210 CATVLLI.
1325 174 1467 221 [LXIII.
1518 171 1521 174 ’

271 280 504 336 ‘Agedum’
537 280 675 334 inquit
705 284 807 335 ‘age
832 281 950 321 ferox
979 281 1014 334 i,
1046 281 1114 321 fac
1143 282 1190 321 ut
1218 280 1330 323 hunc
1351 281 1468 323 furor

994 338 1136 390 ccyitet,

271 391 356 432 Fac
386 392 448 432 uti
478 392 631 432 furoris
662 392 748 432 ictu
778 391 959 433 reditum
988 392 1033 432 in
1062 406 1236 433 nemora
1265 392 1391 446 ferat,

205 455 250 486 80
271 447 367 487 Mea
397 447 526 487 libere
556 448 681 487 nimis
714 448 783 501 qui
813 448 958 502 fugere
989 447 1163 501 imperia
1194 448 1319 501 eupit.

272 503 366 556 Age
399 502 522 543 caede
552 505 672 556 terga
703 503 851 555 cauda,
883 505 957 543 tua
986 503 1160 543 verbera
1189 506 1353 556 patere,

272 558 358 598 Fac
389 560 540 598 cuncta
569 559 776 612 mugienti
806 559 975 599 fremitu
1005 559 1097 599 loca
1125 560 1340 611 retonent,

273 613 460 654 Rutilam
491 614 610 654 ferox
638 617 781 654 torosa
812 614 970 655 cervice
1001 616 1124 667 quate
1154 614 1325 654 iubam.'

272 670 348 709 Ait
376 668 478 709 haec
508 669 652 709 minax
682 668 850 722 Cybebe
880 669 1113 723 religatque
1143 669 1244 723 iuga
1273 683 1412 711 manu.

207 732 250 763 85
272 724 403 764 Ferus
432 724 523 777 ipse
554 738 644 765 sese
676 724 904 765 adhortans
924 725 1116 778 rapidum
1137 725 1288 765 incitat
1313 725 1468 780 animo,

272 779 421 832 Vadit,
453 780 614 833 fremit,
645 780 843 834 refringit
872 780 1054 834 virgulta
1083 779 1188 833 pede
1219 794 1340 834 vago.

274 835 334 875 At
362 834 435 875 ubi
464 835 605 875 umida
636 835 858 876 albicantis
888 836 981 876 loca
1010 835 1145 876 litoris
1177 834 1299 889 adiit,

273 890 562 944 Tener-amque
592 891 700 931 vidit
728 891 851 931 Attin
880 905 1011 945 prope
1041 905 1251 932 marmora
1279 891 1439 946 pelagi,

272 945 395 987 Facit
423 946 649 1000 impetum:
681 947 754 987 illa
775 944 946 987 demens
974 947 1085 1001 fugit
1105 947 1150 987 in
1169 960 1342 988 nemora
1361 947 1467 989 fera:

207 1010 250 1041 90
271 1001 337 1042 Ibi
368 1015 532 1055 semper
562 1016 685 1043 omne
715 1002 824 1043 vitae
855 1003 1038 1056 spatium
1067 1002 1225 1043 famula
1254 1002 1348 1044 fuit.

273 1057 364 1098 Dea
392 1072 566 1111 magna,
599 1058 675 1098 dea
705 1059 887 1111 Cybebe,
919 1058 1114 1111 Didymei
1145 1058 1221 1099 dea
1251 1058 1439 1112 domina,

276 1112 432 1154 Procul
462 1127 486 1153 a
514 1128 608 1154 mea
636 1116 731 1154 tuos
763 1114 817 1154 sit
846 1114 963 1154 furor
992 1115 1150 1165 omnis,
1185 1128 1272 1167 era,
1304 1113 1449 1155 domo:

274 1168 397 1209 Alios
428 1182 506 1223 age
536 1169 754 1222 incitatos,
786 1170 890 1210 alios
922 1184 999 1224 age
1028 1169 1210 1210 rabidos.

738 1310 930 1359 LXIIH.

273 1391 441 1433 Peliaco
473 1391 685 1445 quondam
714 1394 947 1447 prognatae
976 1392 1129 1434 vertice
1158 1393 1283 1447 pinus

273 1446 484 1488 Dicuntur
513 1447 692 1501 liquidas
722 1447 911 1502 Neptuni
940 1462 1064 1489 nasse
1094 1462 1168 1502 per
1197 1448 1328 1489 undas

273 1502 481 1544 Phasidos
512 1503 563 1543 ad
592 1503 742 1544 fluctus
774 1505 815 1544 et
844 1504 947 1544 fines
983 1504 1204 1557 Aeetaeos,

274 1557 378 1600 Cum
409 1559 507 1599 lecti
537 1559 729 1612 iuvenes,
760 1559 945 1613 Argivae
974 1559 1128 1600 robora
1155 1559 1299 1613 pubis,

233 1622 253 1652 5
274 1614 482 1654 Auratam
513 1616 707 1668 optantes
739 1614 908 1656 Colchis
940 1617 1124 1656 avertere
1154 1615 1308 1669 pellem

274 1669 381 1710 Ausi
411 1671 510 1710 sunt
539 1670 646 1710 vada
676 1670 786 1710 salsa
817 1671 899 1711 cita
929 1670 1145 1712 decurrere
1175 1670 1326 1724 puppi,

275 1724 452 1766 Caerula
481 1727 694 1766 verrentes
725 1726 917 1780 abiegnis
948 1740 1131 1779 aequora
1159 1726 1322 1780 palmis.

273 1779 383 1821 Diva
413 1781 563 1834 quibus
594 1781 779 1822 retinens
811 1782 856 1822 in
886 1782 1060 1823 summis
1090 1781 1263 1822 urbibus
1294 1794 1408 1823 arces

273 1835 372 1889 Ipsa
402 1836 484 1877 levi
513 1835 615 1877 fecit
643 1837 890 1878 volitantem
919 1837 1089 1879 fiamine
1120 1851 1304 1890 currum,

210 1900 251 1930 10
271 1891 402 1932 Pinea
432 1891 693 1946 coniungens
723 1892 900 1934 inflexae
930 1894 1046 1934 texta
1075 1893 1252 1934 carinae.

273 1946 353 1987 Illa
381 1946 528 1988 rudem
559 1962 681 1988 cursu
710 1949 846 2002 prima
874 1949 1028 1990 imbuit
1055 1948 1355 2002 Amphitriten.

275 2002 390 2050 Quae
421 2002 596 2044 simulac
624 2006 762 2045 rostro
792 2006 1014 2045 ventosum
1044 2003 1247 2058 proscidit
1276 2016 1450 2058 aequor,

274 2057 484 2111 Tortaque
514 2058 691 2113 remigio
723 2060 882 2113 spumis
913 2059 1131 2100 incanduit
1159 2059 1291 2112 unda,

272 2113 493 2154 Emersere
523 2113 622 2154 freti
653 2115 820 2155 canenti
850 2129 871 2156 e
901 2115 1069 2169 gurgite
1100 2115 1238 2155 vultus

210 2176 250 2207 15
274 2168 517 2222 Aequoreae
547 2171 785 2210 monstrum
814 2169 1016 2211 Nereides
1047 2169 1316 2211 admirante&

272 2224 414 2278 Atque
443 2224 530 2265 illie
561 2224 672 2265 alma
700 2225 895 2265 viderunt
924 2225 1015 2266 luce
1044 2225 1228 2265 marinas

272 2279 476 2320 Mortales
507 2280 618 2321 oculi
647 2280 805 2321 nudato
843 2294 1016 2335 corpore
1046 2279 1266 2334 Nymphas

270 2334 312 2377 N
316 2335 495 2376 uti-icum
523 2337 646 2377 tenus
678 2337 866 2378 extantes
898 2350 919 2377 e
949 2335 1117 2391 giugite
1148 2350 1265 2378 cano.
