1574 2692
141 286 362 330 LXXXXVJ
702 283 854 320 L1BER.
1359 278 1412 320 67

196 392 319 433 Hanc
348 391 446 445 tibi,
479 390 593 432 cuius
623 405 688 432 me
719 389 904 445 magnus
929 390 1077 431 edebat
1106 403 1234 432 amor.

141 447 198 488 Εἰ]
228 447 416 500 quamvis
447 448 587 487 tecum
616 446 748 487 multo
780 446 1057 500 coniungerer
1085 461 1182 499 usu,

197 502 296 543 Non
325 502 426 543 satis
456 502 498 542 id
529 516 675 543 causae
706 501 962 543 credideram
992 516 1082 542 esse
1111 502 1201 542 fibi.

141 557 205 598 Tu
235 558 336 598 sakis
366 557 409 598 id
441 557 576 598 duxti:
608 559 771 599 'cantum
802 557 880 598 {sibi
910 557 1110 611 gaudium
1140 557 1185 597 in
1215 555 1330 598 omni

197 612 391 667 Culpast,
421 614 467 654 in
496 627 754 667 quacumque
785 614 850 654 est
878 612 1033 666 aliquid
1063 612 1244 654 sceleris.
1373 619 1416 651 10

631 775 914 823 LXXXXH.

141 862 291 904 Lesbia
319 863 377 903 mi
408 862 511 903 dicit
540 876 704 916 semper
732 863 840 903 male
870 876 949 904 nec
977 863 1089 903 tacet
1118 876 1315 916 umquam

196 917 260 958 De
290 932 375 959 me:
408 917 559 959 Lesbia
590 932 656 958 me
688 917 920 971 dispeream
949 918 1032 958 nisi
1063 920 1185 958 ama'c.

142 972 232 1022 Quo
250 973 402 1027 signo?
426 973 522 1026 quia
541 976 640 1014 sunt
653 975 681 1026 †
695 973 870 1014 totidem
890 988 1001 1014 mea:
1024 972 1224 1027 deprecor
1243 973 1360 1013 illam

197 1028 403 1082 Adsidue,
434 1043 578 1069 verum
609 1029 841 1082 dispeream
870 1029 953 1069 nisi
984 1042 1091 1070 amo.

625 1192 930 1239 LXXXXHL

142 1276 216 1319 Nil
244 1278 421 1319 nimium
455 1277 600 1319 s‘cudeo
633 1277 786 1320 Caesar
815 1279 894 1319 tibi
924 1278 1033 1319 belle
1092 1278 1250 1332 lacere,

197 1333 287 1374 Nec
318 1335 424 1375 scire
454 1336 595 1375 utrum
625 1334 682 1374 sis
714 1334 831 1374 albus
863 1348 917 1374 an
947 1336 1035 1374 ater
1095 1348 1201 1375 omo.

610 1496 938 1544 LXXXXHH.

144 1581 335 1625 Mentula
364 1554 620 1624 moechatur.
662 1583 907 1624 moechatur
936 1583 1143 1624 mentula:
1176 1585 1299 1626 certe.

199 1638 293 1680 Hoc
324 1641 406 1692 est,
438 1638 549 1692 quod
579 1638 742 1692 dicunt,
773 1639 867 1692 ipsa
897 1639 1010 1680 olera
1039 1639 1124 1680 olla
1153 1639 1269 1693 legit.

635 1801 915 1850 LXXXXV.

146 1887 328 1942 Zmyrna
359 1888 442 1929 mei
472 1887 632 1930 Cinnae
661 1902 820 1929 nonam
848 1890 947 1943 posis
976 1888 1154 1943 denique
1185 1903 1364 1930 messem

202 1944 335 1992 Quam
367 1946 556 1997 coeptast
584 1958 821 1998 nonamque
853 1944 965 1985 edita
993 1947 1091 1998 post
1120 1944 1321 1998 hiemem,

147 1998 267 2040 Milia
296 2014 390 2040 cum
420 1999 579 2041 interea
609 2000 840 2054 quingenta
868 1999 1120 2041 Hortensius
1149 2014 1233 2041 uno

147 2109 328 2163 Zmyrna
357 2124 477 2151 cavas
499 2109 689 2152 Satrachi
718 2111 887 2164 penissus
916 2111 1106 2152 mittetur
1136 2111 1187 2152 ad
1216 2110 1369 2164 undas,
1400 2119 1420 2150 5

204 2165 427 2219 Zmyrnam
457 2179 560 2206 cana
589 2166 660 2206 diu
689 2165 854 2207 saecula
883 2166 1142 2220 pervoluent.

146 2221 206 2261 At
236 2220 385 2261 Volusi
416 2221 586 2262 annales
615 2221 801 2262 Paduam
831 2221 1064 2263 morientur
1093 2222 1145 2262 ad
1175 2221 1310 2275 ipsam

204 2275 262 2317 Et
290 2276 405 2317 laxas
436 2276 637 2317 scombris
668 2291 790 2330 saepe
821 2276 981 2318 dabunfi
1008 2277 1186 2318 tunicas.

148 2329 282 2372 Parva
311 2331 394 2372 mei
422 2331 526 2372 mihi
557 2332 643 2372 sint
673 2332 788 2372 cordi
817 2334 1090 2373 monumenta
1117 2333 1292 2384 sodalis,

203 2386 264 2428 At
291 2386 471 2441 populus
502 2387 663 2429 tumido
695 2387 876 2442 gaudeat
904 2387 1174 2428 Antimacho.
1381 2395 1422 2426 10

1177 2510 1220 2542 58
