1601 2697
218 214 273 255 45

219 1610 285 1641 230

219 1887 284 1917 ‘235

759 218 962 254 CATVLLI
1337 221 1501 266 [LXIIH.

329 324 427 379 Ipse
458 327 597 366 autem
627 339 748 366 caeca
777 328 961 366 mentem
992 326 1170 381 caligine
1201 327 1387 369 Theseus

332 380 530 421 Consitus
560 381 691 422 oblito
723 380 883 421 dimisit
910 383 1080 435 pectore
1111 385 1281 435 cuncta,

332 436 447 484 Quae
476 436 673 476 mandata
702 436 817 490 prius
849 438 1060 478 constanti
1089 440 1229 479 mente
1259 439 1450 492 tenebat,

331 490 483 532 Dulcia
511 505 590 532 nec
618 493 778 532 maesto
810 492 1034 533 sustollens
1066 493 1189 546 signa
1221 494 1386 548 parenti

333 547 543 600 Sospitem
573 546 857 587 Erechtheum
888 561 931 587 se
953 548 1137 588 ostendit
1161 549 1293 590 visere
1313 552 1496 603 portum.

330 601 523 655 Namque
553 602 694 642 ferunt
723 602 844 655 olim,
877 604 1015 643 castae
1046 617 1140 644 cum
1169 605 1335 645 moenia
1365 604 1483 646 divae

331 657 611 710 Linquentem
640 659 817 711 gnatum
846 658 982 698 ventis
1017 659 1287 700 concrederet
1315 660 1499 714 Aegeus,

331 713 452 753 Talia
482 713 732 766 conplexum
761 713 901 753 iuveni
931 713 1130 754 mandata
1161 714 1335 756 dedisse.

334 768 487 809 ‘Gnate
518 767 622 808 mihi
652 768 784 822 longa
813 768 1034 809 iocundior
1062 770 1185 810 unice
1216 771 1321 823 vita,

331 823 510 864 Reddite
540 824 585 864 in
616 825 801 864 extrema
829 838 963 877 nuper
991 824 1096 865 mihi
1126 826 1207 865 fine
1239 827 1449 879 senectae,

334 879 481 930 Gnate,
505 893 582 933 ego
605 893 727 932 quem
748 879 793 919 in
815 878 962 920 dubios
985 893 1114 934 cogor
1135 881 1343 922 dimittere
1365 896 1500 936 casus,

332 934 677 987 Quandoquidem
697 934 868 975 fortuna
886 949 981 975 mea
1011 949 1057 975 ac
1087 938 1159 976 tua
1188 936 1348 977 fervida
1366 937 1499 979 virtus

330 990 472 1043 Eripit
501 990 632 1030 invito
663 989 767 1030 mihi
796 993 856 1042 te,
889 990 954 1031 cui
986 990 1186 1045 languida
1214 992 1403 1034 nondum

332 1045 512 1085 Lumina
545 1048 644 1086 sunt
672 1045 791 1099 gnati
822 1059 917 1086 cara
947 1048 1131 1087 saturata
1159 1047 1312 1101 figura:

331 1101 431 1142 Non
461 1115 540 1155 ego
571 1103 611 1141 te
640 1101 827 1155 gaudens
858 1102 1034 1142 laetanti
1063 1104 1232 1155 pectore
1262 1104 1449 1157 mittam,

331 1156 422 1198 Nec
451 1158 492 1197 te
523 1156 632 1197 ferre
663 1157 799 1197 sinam
829 1156 1022 1198 fortunae
1053 1158 1175 1212 signa
1206 1159 1431 1210 secundae,

333 1211 413 1253 Sed
444 1212 626 1265 primum
655 1213 808 1253 multas
839 1226 1080 1266 expromam
1109 1216 1249 1254 mente
1279 1215 1498 1270 querellas,

333 1267 542 1309 Canitiem
572 1270 684 1308 terra
714 1271 837 1322 atque
867 1268 1005 1309 infuso
1036 1269 1205 1322 pulvere
1235 1270 1425 1324 foedans,

331 1322 435 1364 Inde
464 1324 621 1364 infecta
650 1338 757 1377 vago
789 1324 1041 1377 suspendam
1071 1325 1201 1365 lintea
1230 1326 1361 1378 malo,

331 1379 514 1420 Nostros
545 1381 592 1419 ut
620 1379 756 1419 luctus
786 1382 1038 1433 nostraeque
1068 1380 1262 1421 incendia
1292 1381 1444 1422 mentis

333 1433 542 1476 Carbasus
573 1434 795 1475 obscurata
825 1435 945 1476 decet
974 1435 1187 1490 ferrugine
1217 1436 1388 1478 Hibera.

332 1489 452 1538 Quod
480 1490 559 1530 tibi
589 1490 624 1530 si
655 1490 790 1531 sancti
821 1491 1075 1532 concesserit
1103 1492 1240 1532 incola
1269 1491 1402 1545 Itoni,

333 1546 447 1594 Quae
468 1547 660 1586 nostrum
679 1560 812 1600 genus
835 1560 881 1587 ac
898 1546 1015 1587 sedes
1033 1546 1253 1588 defendere
1269 1547 1495 1590 Erechthei

332 1602 515 1654 Adnuit,
547 1604 594 1642 ut
622 1602 733 1642 tauri
762 1615 983 1656 respergas
1015 1603 1218 1656 sanguine
1250 1603 1456 1655 dextram,

331 1657 439 1697 Tum
468 1671 566 1697 vero
597 1656 723 1698 facito
755 1659 801 1697 ut
830 1657 1006 1698 memori
1035 1658 1114 1698 tibi
1145 1658 1314 1699 condita
1344 1659 1467 1700 corde

330 1712 448 1753 Haec
477 1713 650 1766 vigeant
679 1712 896 1765 mandata,
928 1727 1006 1753 nec
1025 1713 1112 1753 ulla
1134 1714 1347 1755 oblitteret
1367 1716 1495 1769 aetas,

331 1767 390 1808 Vt
420 1768 594 1808 simulac
623 1770 792 1808 nostros
823 1768 1006 1809 invisent
1036 1769 1195 1810 lumina
1226 1770 1374 1819 colles,

330 1823 560 1864 Funestam
590 1825 797 1864 antennae
829 1823 1044 1877 deponant
1075 1825 1258 1878 undique
1288 1828 1467 1880 vestem,

334 1879 604 1932 Candidaque
634 1879 781 1919 intorti
812 1879 1038 1920 sustollant
1065 1881 1157 1920 vela
1185 1880 1402 1933 rudentes,

220 1934 488 1975 235bLueida
518 1948 600 1988 qua
629 1935 852 1988 splendent
882 1935 1034 1976 summi
1067 1935 1278 1976 carchesia
1308 1937 1428 1989 mali,

217 2219 284 2251 240

331 1990 467 2038 Quam
496 2005 679 2044 primum
710 2004 883 2031 cernens
913 1993 961 2030 ut
989 1991 1098 2031 laeta
1126 1992 1280 2045 gaudia
1308 1994 1447 2032 mente

330 2046 586 2099 Agnoscam,
606 2060 700 2086 cum
720 2047 761 2086 te
781 2046 975 2087 reducem
997 2048 1110 2087 aetas
1127 2061 1329 2101 prospera
1345 2047 1494 2088 sistet.'

330 2100 447 2142 Haec
477 2101 673 2142 mandata
702 2101 818 2155 prius
850 2102 1062 2142 constanti
1092 2104 1231 2143 mente
1260 2105 1476 2144 tenentem

330 2156 492 2197 Thesea
522 2171 597 2198 ceu
625 2157 771 2210 pulsae
801 2158 1023 2198 ventorum
1051 2157 1220 2198 fiamine
1250 2158 1381 2198 nubes

330 2212 504 2253 Aeriuln
533 2213 647 2253 nivei
676 2212 832 2253 montis
863 2213 1021 2266 liquere
1052 2226 1263 2254 cacumen.

330 2268 390 2307 At
409 2270 548 2321 pater,
578 2270 626 2309 ut
646 2282 808 2309 summa
829 2270 1096 2322 prospectum
1118 2283 1168 2309 ex
1189 2283 1282 2309 arce
1302 2269 1492 2324 petebat,

330 2323 470 2363 Anxia
499 2323 544 2363 in
574 2323 769 2364 adsiduos
799 2324 1021 2364 absumens
1052 2324 1211 2364 lumina
1240 2324 1380 2379 fletus,

332 2377 438 2420 Cum
466 2379 649 2434 primum
678 2379 824 2421 intecti
855 2379 1073 2434 conspexit-
1103 2380 1232 2421 lintea
1261 2380 1362 2435 veli,
