1574 2692
83 313 154 358 cr]
645 310 798 347 LIBER.
1303 305 1358 348 69

83 418 195 460 Dum
224 418 303 459 tibi
331 432 398 459 me
427 431 562 471 purgo
593 431 671 458 nec
700 431 873 471 possum
903 417 1068 458 fletibus
1099 417 1196 458 ullis
1338 425 1358 456 5

140 474 369 514 'Pantillum
401 475 565 514 vostrae
597 473 760 514 demere
791 473 997 514 saevitiae.

83 529 197 572 Nam
227 529 350 570 simul
379 529 422 569 id
451 529 667 581 factumst,
699 528 841 569 multis
873 529 1005 569 diluta
1034 528 1185 570 labella

141 585 354 626 Abstersti
383 584 515 639 guttis
547 584 741 625 omnibus
773 585 978 638 articulis,

84 640 151 682 Ne
182 640 403 694 quicquam
431 641 577 681 nostro
609 641 871 681 contractum
901 654 951 680 ex
981 654 1052 680 ore
1082 641 1290 692 maneret,

141 696 372 750 Tamquam
403 696 635 737 conmictae
666 709 815 749 spurca
846 696 976 736 saliva
1005 696 1139 749 lupae.
1320 702 1361 733 10

86 751 308 793 Praeterea
336 751 492 792 infesto
521 750 720 791 miserum
750 765 817 791 me
846 751 1009 791 tradere
1039 750 1190 791 Amori

142 806 242 848 Non
273 807 444 848 cessasti
474 805 671 859 omnique
702 806 937 847 excruciare
967 806 1112 859 modo,

87 862 147 904 Vt
175 862 233 902 mi
264 877 313 903 ex
342 862 550 903 ambrosia
580 863 787 902 mutatum
816 862 900 902 iam
929 862 1041 902 foret
1068 860 1172 903 illud

145 917 385 959 Suaviolum
414 917 525 958 tristi
555 917 715 958 tristius
746 917 972 958 helleboro.

89 973 223 1023 Quam
254 973 453 1027 quoniam
482 987 663 1027 poenam
692 973 844 1014 misero
875 972 1077 1026 proponis
1108 972 1260 1025 amori,
1321 979 1362 1010 15

145 1028 385 1083 Numquam
416 1029 498 1070 iam
527 1027 703 1082 posthac
734 1029 850 1069 basia
880 1028 1113 1082 surripiam.

704 1154 752 1201 C.

92 1229 258 1272 Caelius
288 1229 529 1271 Aufilenum
561 1231 602 1270 et
633 1229 828 1278 Quintius
858 1229 1096 1269 Aufilenam

148 1285 246 1327 Flos
276 1285 570 1326 Veronensum
601 1285 830 1339 depereunt
858 1285 1075 1337 iuvenum,

91 1340 175 1383 Hic
205 1341 396 1394 fratrem,
427 1341 498 1382 ille
530 1355 728 1382 sororem.
769 1340 849 1381 hoc
871 1342 953 1402 est,
986 1339 1097 1393 quod
1118 1338 1282 1393 dicitur,

149 1451 398 1493 Fraternum
427 1466 522 1493 vere
554 1452 673 1493 dulce
705 1395 999 1492 sodalitiufflud

95 1507 172 1550 Cui
202 1508 364 1548 faveam
394 1507 562 1561 potius?
606 1507 740 1560 Caeli,
772 1507 869 1547 tibi:
900 1520 1000 1547 nam
1028 1508 1101 1546 tua
1129 1505 1252 1546 nobis
1346 1511 1367 1543 5

150 1563 230 1604 Per
259 1563 370 1604 facta
400 1562 625 1604 exhibitast
653 1563 776 1604 unica
805 1562 1006 1614 amicitia,

96 1619 203 1661 Cum
232 1633 386 1659 vesana
414 1632 528 1659 meas
558 1620 737 1659 torreret
765 1617 934 1658 flamma
963 1616 1178 1657 medullas.

153 1674 218 1716 Sis
248 1674 369 1728 felix,
401 1673 536 1728 Caeli,
568 1674 624 1714 sis
655 1674 700 1714 in
730 1687 870 1714 amore
899 1675 1062 1726 potenS.

694 1798 766 1845 CI.

97 1875 253 1918 Multas
283 1889 358 1929 per
386 1876 533 1929 gentes
564 1876 606 1915 et
635 1873 768 1914 multa
796 1886 871 1927 per
900 1886 1081 1926 aequora
1109 1873 1252 1913 vectus

154 1932 346 1972 Advenio
375 1930 451 1971 has
481 1930 675 1982 miseras,
706 1929 854 1982 frater,
886 1928 938 1969 ad
966 1927 1158 1981 inferias,

98 1987 159 2029 Vt
186 1989 229 2028 te
257 1988 468 2041 postremo
500 1985 700 2026 donarem
729 1998 899 2024 munere
928 1983 1076 2024 mortis

155 2042 214 2084 Et
241 2044 400 2083 mutam
428 2041 683 2095 nequiquam
715 2040 960 2093 adloquerer
991 2039 1192 2091 cinerem,

101 2097 448 2152 Quandoquidem
477 2097 649 2137 fortuna
677 2095 782 2136 mihi
811 2096 897 2136 tete
928 2094 1102 2136 abstulit
1130 2094 1288 2148 ipsum,
1353 2099 1374 2131 5

157 2153 253 2195 Heu
280 2154 407 2194 miser
434 2152 609 2207 indigne
638 2151 770 2192 frater
799 2150 991 2204 adempte
1020 2149 1138 2190 mihi.

577 2218 600 2243 ἧς
876 2216 899 2240 ³3

741 2248 763 2272 ἧς

103 2288 228 2331 Nunc
242 2289 384 2328 tamen
400 2286 561 2327 interea
574 2284 677 2325 haec
692 2284 830 2338 prisco
848 2297 952 2337 quae
968 2296 1083 2323 more
1098 2283 1319 2336 parentum

160 2343 330 2384 Tradita
360 2344 458 2382 sunt
485 2341 626 2382 tristes
656 2353 831 2380 munera
860 2339 913 2379 ad
942 2338 1134 2391 inferias,

109 2399 262 2453 Accipe
291 2398 477 2439 fraterno
507 2396 688 2438 multum
717 2394 931 2435 manantia
959 2393 1080 2446 fletu,

161 2455 300 2509 Atque
329 2453 375 2494 in
403 2454 674 2507 perpetuom,
704 2450 853 2503 frater,
885 2463 959 2490 ave
990 2450 1113 2502 atque
1142 2447 1248 2489 vale.
1337 2454 1379 2485 10
