<?xml version="1.0" encoding="UTF-8"?>
<!DOCTYPE html PUBLIC "-//W3C//DTD XHTML 1.0 Transitional//EN"
    "http://www.w3.org/TR/xhtml1/DTD/xhtml1-transitional.dtd">
<html xmlns="http://www.w3.org/1999/xhtml" xml:lang="en" lang="en">
 <head>
  <title>
</title>
<meta http-equiv="Content-Type" content="text/html;charset=utf-8" />
  <meta name='ocr-system' content='tesseract 3.04.00' />
  <meta name='ocr-capabilities' content='ocr_page ocr_carea ocr_par ocr_line ocrx_word'/>
</head>
<body>
  <div class='ocr_page' id='page_1' title='image "./carminamue00catuuoft_0034.png"; bbox 0 0 1601 2697; ppageno 0'>
   <div class='ocr_carea' id='block_1_1' title="bbox 242 77 290 117">
    <p class='ocr_par' dir='ltr' id='par_1_1' title="bbox 242 77 290 117">
     <span class='ocr_line' id='line_1_1' title="bbox 242 77 290 117; baseline 0 0"><span class='ocrx_word' id='word_1_1' title='bbox 242 77 290 117; x_wconf 85' lang='lat'>14</span> 
     </span>
    </p>
   </div>
   <div class='ocr_carea' id='block_1_2' title="bbox 240 1351 281 1381">
    <p class='ocr_par' dir='ltr' id='par_1_2' title="bbox 240 1351 281 1381">
     <span class='ocr_line' id='line_1_2' title="bbox 240 1351 281 1381; baseline 0 0"><span class='ocrx_word' id='word_1_2' title='bbox 240 1351 281 1381; x_wconf 89' lang='grc'>10</span> 
     </span>
    </p>
   </div>
   <div class='ocr_carea' id='block_1_3' title="bbox 240 1628 280 1659">
    <p class='ocr_par' dir='ltr' id='par_1_3' title="bbox 240 1628 280 1659">
     <span class='ocr_line' id='line_1_3' title="bbox 240 1628 280 1659; baseline 0 0"><span class='ocrx_word' id='word_1_3' title='bbox 240 1628 280 1659; x_wconf 79' lang='grc'>15</span> 
     </span>
    </p>
   </div>
   <div class='ocr_carea' id='block_1_4' title="bbox 775 79 1514 127">
    <p class='ocr_par' dir='ltr' id='par_1_4' title="bbox 775 79 1514 127">
     <span class='ocr_line' id='line_1_4' title="bbox 775 79 1514 127; baseline 0.001 -11"><span class='ocrx_word' id='word_1_4' title='bbox 775 80 976 116; x_wconf 72' lang='lat' dir='ltr'>CATvLm</span> <span class='ocrx_word' id='word_1_5' title='bbox 1352 79 1514 127; x_wconf 78' lang='lat' dir='ltr'>[xxvn.</span> 
     </span>
    </p>
   </div>
   <div class='ocr_carea' id='block_1_5' title="bbox 773 189 967 236">
    <p class='ocr_par' dir='ltr' id='par_1_5' title="bbox 773 189 967 236">
     <span class='ocr_line' id='line_1_5' title="bbox 773 189 967 236; baseline 0.01 -2"><span class='ocrx_word' id='word_1_6' title='bbox 773 189 967 236; x_wconf 77' lang='lat' dir='ltr'>XXVII.</span> 
     </span>
    </p>
   </div>
   <div class='ocr_carea' id='block_1_6' title="bbox 349 274 1285 663">
    <p class='ocr_par' dir='ltr' id='par_1_6' title="bbox 351 274 1034 329">
     <span class='ocr_line' id='line_1_6' title="bbox 351 274 1034 329; baseline 0 -13"><span class='ocrx_word' id='word_1_7' title='bbox 351 276 546 317; x_wconf 72' lang='lat' dir='ltr'>Minister</span> <span class='ocrx_word' id='word_1_8' title='bbox 575 274 703 316; x_wconf 85' lang='lat' dir='ltr'>vetuli</span> <span class='ocrx_word' id='word_1_9' title='bbox 733 289 836 329; x_wconf 88' lang='lat' dir='ltr'>puer</span> <span class='ocrx_word' id='word_1_10' title='bbox 866 274 1034 316; x_wconf 80' lang='lat' dir='ltr'>Falerni</span> 
     </span>
    </p>

    <p class='ocr_par' dir='ltr' id='par_1_7' title="bbox 349 330 1021 386">
     <span class='ocr_line' id='line_1_7' title="bbox 349 330 1021 386; baseline -0.001 -14"><span class='ocrx_word' id='word_1_11' title='bbox 349 331 478 386; x_wconf 84' lang='lat' dir='ltr'>Inger</span> <span class='ocrx_word' id='word_1_12' title='bbox 507 331 564 371; x_wconf 93' lang='lat' dir='ltr'>mi</span> <span class='ocrx_word' id='word_1_13' title='bbox 596 331 746 371; x_wconf 84' lang='lat' dir='ltr'>calices</span> <span class='ocrx_word' id='word_1_14' title='bbox 777 330 1021 383; x_wconf 78' lang='lat' dir='ltr'>amariores,</span> 
     </span>
    </p>

    <p class='ocr_par' dir='ltr' id='par_1_8' title="bbox 350 386 1197 483">
     <span class='ocr_line' id='line_1_8' title="bbox 350 386 1197 440; baseline -0.001 -13"><span class='ocrx_word' id='word_1_15' title='bbox 350 386 409 427; x_wconf 89' lang='lat' dir='ltr'>Vt</span> <span class='ocrx_word' id='word_1_16' title='bbox 438 387 504 427; x_wconf 82' lang='lat' dir='ltr'>lex</span> <span class='ocrx_word' id='word_1_17' title='bbox 534 386 774 427; x_wconf 77' lang='lat' dir='ltr'>Postumiae</span> <span class='ocrx_word' id='word_1_18' title='bbox 804 386 921 427; x_wconf 89' lang='lat' dir='ltr'>iubet</span> <span class='ocrx_word' id='word_1_19' title='bbox 949 386 1197 440; x_wconf 74' lang='lat' dir='ltr'>magistrae,</span> 
     </span>
     <span class='ocr_line' id='line_1_9' title="bbox 350 441 962 483; baseline -0.002 -1"><span class='ocrx_word' id='word_1_20' title='bbox 350 442 532 483; x_wconf 87' lang='lat' dir='ltr'>Ebriosa</span> <span class='ocrx_word' id='word_1_21' title='bbox 562 442 682 483; x_wconf 86' lang='lat' dir='ltr'>acina</span> <span class='ocrx_word' id='word_1_22' title='bbox 712 441 962 482; x_wconf 87' lang='lat' dir='ltr'>ebriosioris.</span> 
     </span>
    </p>

    <p class='ocr_par' dir='ltr' id='par_1_9' title="bbox 349 496 1285 663">
     <span class='ocr_line' id='line_1_10' title="bbox 351 496 1285 551; baseline -0.001 -13"><span class='ocrx_word' id='word_1_23' title='bbox 351 499 409 538; x_wconf 79' lang='lat' dir='ltr'>At</span> <span class='ocrx_word' id='word_1_24' title='bbox 437 511 511 538; x_wconf 83' lang='lat' dir='ltr'>vos</span> <span class='ocrx_word' id='word_1_25' title='bbox 542 511 624 551; x_wconf 91' lang='lat' dir='ltr'>quo</span> <span class='ocrx_word' id='word_1_26' title='bbox 655 497 771 538; x_wconf 87' lang='lat' dir='ltr'>lubet</span> <span class='ocrx_word' id='word_1_27' title='bbox 800 496 899 538; x_wconf 76' lang='lat' dir='ltr'>binc</span> <span class='ocrx_word' id='word_1_28' title='bbox 929 496 1059 550; x_wconf 85' lang='lat' dir='ltr'>abite,</span> <span class='ocrx_word' id='word_1_29' title='bbox 1089 496 1285 551; x_wconf 83' lang='lat' dir='ltr'>lymphae</span> 
     </span>
     <span class='ocr_line' id='line_1_11' title="bbox 349 552 1062 606; baseline 0 -13"><span class='ocrx_word' id='word_1_30' title='bbox 349 553 451 593; x_wconf 92' lang='lat' dir='ltr'>Vini</span> <span class='ocrx_word' id='word_1_31' title='bbox 482 553 710 606; x_wconf 73' lang='lat' dir='ltr'>pernicies,</span> <span class='ocrx_word' id='word_1_32' title='bbox 743 554 784 593; x_wconf 90' lang='lat' dir='ltr'>et</span> <span class='ocrx_word' id='word_1_33' title='bbox 814 552 865 593; x_wconf 89' lang='lat' dir='ltr'>ad</span> <span class='ocrx_word' id='word_1_34' title='bbox 896 566 1062 593; x_wconf 88' lang='lat' dir='ltr'>severos</span> 
     </span>
     <span class='ocr_line' id='line_1_12' title="bbox 351 607 1230 663; baseline -0.001 -14"><span class='ocrx_word' id='word_1_35' title='bbox 351 608 551 663; x_wconf 85' lang='lat' dir='ltr'>Migrate:</span> <span class='ocrx_word' id='word_1_36' title='bbox 583 608 651 649; x_wconf 90' lang='lat' dir='ltr'>hic</span> <span class='ocrx_word' id='word_1_37' title='bbox 681 622 820 649; x_wconf 88' lang='lat' dir='ltr'>merus</span> <span class='ocrx_word' id='word_1_38' title='bbox 852 611 916 648; x_wconf 89' lang='lat' dir='ltr'>est</span> <span class='ocrx_word' id='word_1_39' title='bbox 945 607 1230 661; x_wconf 81' lang='lat' dir='ltr'>Thyonianus.</span> 
     </span>
    </p>
   </div>
   <div class='ocr_carea' id='block_1_7' title="bbox 778 700 978 704">
    <p class='ocr_par' dir='ltr' id='par_1_10' title="bbox 778 700 978 704">
     <span class='ocr_line' id='line_1_13' title="bbox 778 700 978 704; baseline 0 0"><span class='ocrx_word' id='word_1_40' title='bbox 778 700 978 704; x_wconf 95' lang='lat' dir='ltr'> </span> 
     </span>
    </p>
   </div>
   <div class='ocr_carea' id='block_1_8' title="bbox 763 755 982 802">
    <p class='ocr_par' dir='ltr' id='par_1_11' title="bbox 763 755 982 802">
     <span class='ocr_line' id='line_1_14' title="bbox 763 755 982 802; baseline 0.005 -1"><span class='ocrx_word' id='word_1_41' title='bbox 763 755 982 802; x_wconf 80' lang='lat' dir='ltr'>XXVIH.</span> 
     </span>
    </p>
   </div>
   <div class='ocr_carea' id='block_1_9' title="bbox 348 841 1314 1673">
    <p class='ocr_par' dir='ltr' id='par_1_12' title="bbox 348 841 1094 894">
     <span class='ocr_line' id='line_1_15' title="bbox 348 841 1094 894; baseline -0.001 -12"><span class='ocrx_word' id='word_1_42' title='bbox 348 841 516 883; x_wconf 88' lang='lat' dir='ltr'>Pisonis</span> <span class='ocrx_word' id='word_1_43' title='bbox 548 842 720 882; x_wconf 90' lang='lat' dir='ltr'>comites</span> <span class='ocrx_word' id='word_1_44' title='bbox 731 874 741 894; x_wconf 71' lang='lat'><em>7</em></span> <span class='ocrx_word' id='word_1_45' title='bbox 775 841 924 882; x_wconf 88' lang='lat' dir='ltr'>cohors</span> <span class='ocrx_word' id='word_1_46' title='bbox 955 842 1094 882; x_wconf 84' lang='lat' dir='ltr'>inanis</span> 
     </span>
    </p>

    <p class='ocr_par' dir='ltr' id='par_1_13' title="bbox 349 896 1050 951">
     <span class='ocr_line' id='line_1_16' title="bbox 349 896 1050 951; baseline -0.001 -13"><span class='ocrx_word' id='word_1_47' title='bbox 349 898 474 951; x_wconf 88' lang='lat' dir='ltr'>Aptis</span> <span class='ocrx_word' id='word_1_48' title='bbox 506 897 725 938; x_wconf 87' lang='lat' dir='ltr'>sarcinulis</span> <span class='ocrx_word' id='word_1_49' title='bbox 757 899 798 937; x_wconf 88' lang='lat' dir='ltr'>et</span> <span class='ocrx_word' id='word_1_50' title='bbox 828 896 1050 950; x_wconf 83' lang='lat' dir='ltr'>expeditis,</span> 
     </span>
    </p>

    <p class='ocr_par' dir='ltr' id='par_1_14' title="bbox 348 952 1314 1271">
     <span class='ocr_line' id='line_1_17' title="bbox 349 952 1164 1006; baseline -0.001 -13"><span class='ocrx_word' id='word_1_51' title='bbox 349 952 508 993; x_wconf 85' lang='lat' dir='ltr'>Verani</span> <span class='ocrx_word' id='word_1_52' title='bbox 539 953 696 1006; x_wconf 89' lang='lat' dir='ltr'>optime</span> <span class='ocrx_word' id='word_1_53' title='bbox 726 954 854 1005; x_wconf 88' lang='lat' dir='ltr'>tuque</span> <span class='ocrx_word' id='word_1_54' title='bbox 884 953 942 992; x_wconf 91' lang='lat' dir='ltr'>mi</span> <span class='ocrx_word' id='word_1_55' title='bbox 971 952 1164 1005; x_wconf 83' lang='lat' dir='ltr'>Fabulle,</span> 
     </span>
     <span class='ocr_line' id='line_1_18' title="bbox 352 1007 1295 1062; baseline -0.002 -13"><span class='ocrx_word' id='word_1_56' title='bbox 352 1008 460 1056; x_wconf 75' lang='lat' dir='ltr'>Quid</span> <span class='ocrx_word' id='word_1_57' title='bbox 490 1022 629 1049; x_wconf 88' lang='lat' dir='ltr'>rerum</span> <span class='ocrx_word' id='word_1_58' title='bbox 659 1007 835 1062; x_wconf 81' lang='lat' dir='ltr'>geritis?</span> <span class='ocrx_word' id='word_1_59' title='bbox 868 1008 1025 1048; x_wconf 83' lang='lat' dir='ltr'>satisne</span> <span class='ocrx_word' id='word_1_60' title='bbox 1057 1022 1151 1048; x_wconf 87' lang='lat' dir='ltr'>cum</span> <span class='ocrx_word' id='word_1_61' title='bbox 1180 1007 1261 1048; x_wconf 80' lang='lat' dir='ltr'>isto</span> <span class='ocrx_word' id='word_1_62' title='bbox 1288 1039 1295 1046; x_wconf 89' lang='lat'>.</span> 
     </span>
     <span class='ocr_line' id='line_1_19' title="bbox 348 1063 1244 1118; baseline -0.001 -14"><span class='ocrx_word' id='word_1_63' title='bbox 348 1063 500 1117; x_wconf 86' lang='lat' dir='ltr'>Vappa</span> <span class='ocrx_word' id='word_1_64' title='bbox 529 1064 770 1118; x_wconf 84' lang='lat' dir='ltr'>frigoraque</span> <span class='ocrx_word' id='word_1_65' title='bbox 802 1065 844 1104; x_wconf 90' lang='lat' dir='ltr'>et</span> <span class='ocrx_word' id='word_1_66' title='bbox 872 1064 1027 1104; x_wconf 86' lang='lat' dir='ltr'>famem</span> <span class='ocrx_word' id='word_1_67' title='bbox 1057 1063 1244 1104; x_wconf 77' lang='lat' dir='ltr'>tulistis‘.&gt;</span> 
     </span>
     <span class='ocr_line' id='line_1_20' title="bbox 350 1118 1188 1173; baseline -0.001 -14"><span class='ocrx_word' id='word_1_68' title='bbox 350 1119 613 1173; x_wconf 87' lang='lat' dir='ltr'>Ecquidnam</span> <span class='ocrx_word' id='word_1_69' title='bbox 643 1120 688 1159; x_wconf 92' lang='lat' dir='ltr'>in</span> <span class='ocrx_word' id='word_1_70' title='bbox 717 1119 872 1159; x_wconf 82' lang='lat' dir='ltr'>tabulis</span> <span class='ocrx_word' id='word_1_71' title='bbox 902 1121 1020 1172; x_wconf 83' lang='lat' dir='ltr'>patet</span> <span class='ocrx_word' id='word_1_72' title='bbox 1049 1118 1188 1159; x_wconf 90' lang='lat' dir='ltr'>lucelli</span> 
     </span>
     <span class='ocr_line' id='line_1_21' title="bbox 349 1173 1314 1228; baseline 0 -13"><span class='ocrx_word' id='word_1_73' title='bbox 349 1175 614 1228; x_wconf 79' lang='lat' dir='ltr'>Expensum,</span> <span class='ocrx_word' id='word_1_74' title='bbox 646 1177 694 1215; x_wconf 88' lang='lat' dir='ltr'>ut</span> <span class='ocrx_word' id='word_1_75' title='bbox 722 1173 846 1227; x_wconf 78' lang='lat' dir='ltr'>mihi,</span> <span class='ocrx_word' id='word_1_76' title='bbox 879 1175 948 1228; x_wconf 89' lang='lat' dir='ltr'>qui</span> <span class='ocrx_word' id='word_1_77' title='bbox 978 1189 1118 1214; x_wconf 91' lang='lat' dir='ltr'>meum</span> <span class='ocrx_word' id='word_1_78' title='bbox 1148 1176 1314 1215; x_wconf 84' lang='lat' dir='ltr'>secutus</span> 
     </span>
     <span class='ocr_line' id='line_1_22' title="bbox 350 1230 1111 1271; baseline 0 -1"><span class='ocrx_word' id='word_1_79' title='bbox 350 1230 591 1271; x_wconf 79' lang='lat' dir='ltr'>Praetorem</span> <span class='ocrx_word' id='word_1_80' title='bbox 622 1230 756 1271; x_wconf 90' lang='lat' dir='ltr'>refero</span> <span class='ocrx_word' id='word_1_81' title='bbox 788 1230 930 1270; x_wconf 87' lang='lat' dir='ltr'>datum</span> <span class='ocrx_word' id='word_1_82' title='bbox 960 1230 1111 1270; x_wconf 87' lang='lat' dir='ltr'>lucello</span> 
     </span>
    </p>

    <p class='ocr_par' dir='ltr' id='par_1_15' title="bbox 349 1285 1276 1382">
     <span class='ocr_line' id='line_1_23' title="bbox 353 1285 1276 1339; baseline -0.001 -13"><span class='ocrx_word' id='word_1_83' title='bbox 353 1286 411 1327; x_wconf 75' lang='lat' dir='ltr'>eO</span> <span class='ocrx_word' id='word_1_84' title='bbox 443 1285 635 1339; x_wconf 78' lang='lat' dir='ltr'>Memmi,</span> <span class='ocrx_word' id='word_1_85' title='bbox 668 1286 773 1326; x_wconf 89' lang='lat' dir='ltr'>bene</span> <span class='ocrx_word' id='word_1_86' title='bbox 806 1300 871 1326; x_wconf 91' lang='lat' dir='ltr'>me</span> <span class='ocrx_word' id='word_1_87' title='bbox 902 1300 948 1326; x_wconf 89' lang='lat' dir='ltr'>ac</span> <span class='ocrx_word' id='word_1_88' title='bbox 979 1285 1049 1326; x_wconf 89' lang='lat' dir='ltr'>diu</span> <span class='ocrx_word' id='word_1_89' title='bbox 1081 1285 1276 1338; x_wconf 84' lang='lat' dir='ltr'>supinum</span> 
     </span>
     <span class='ocr_line' id='line_1_24' title="bbox 349 1341 1162 1382; baseline 0 -1"><span class='ocrx_word' id='word_1_90' title='bbox 349 1341 458 1381; x_wconf 85' lang='lat' dir='ltr'>Tota</span> <span class='ocrx_word' id='word_1_91' title='bbox 487 1342 569 1382; x_wconf 88' lang='lat' dir='ltr'>ista</span> <span class='ocrx_word' id='word_1_92' title='bbox 597 1342 715 1382; x_wconf 86' lang='lat' dir='ltr'>trabe</span> <span class='ocrx_word' id='word_1_93' title='bbox 744 1341 881 1381; x_wconf 88' lang='lat' dir='ltr'>lentus</span> <span class='ocrx_word' id='word_1_94' title='bbox 912 1342 1162 1381; x_wconf 84' lang='lat' dir='ltr'>inrumasti.’</span> 
     </span>
    </p>

    <p class='ocr_par' dir='ltr' id='par_1_16' title="bbox 352 1396 1152 1505">
     <span class='ocr_line' id='line_1_25' title="bbox 352 1396 1152 1450; baseline -0.001 -13"><span class='ocrx_word' id='word_1_95' title='bbox 352 1396 451 1449; x_wconf 79' lang='lat' dir='ltr'>Sed,</span> <span class='ocrx_word' id='word_1_96' title='bbox 485 1400 689 1450; x_wconf 87' lang='lat' dir='ltr'>quantum</span> <span class='ocrx_word' id='word_1_97' title='bbox 719 1397 861 1449; x_wconf 80' lang='lat' dir='ltr'>video,</span> <span class='ocrx_word' id='word_1_98' title='bbox 891 1397 982 1450; x_wconf 88' lang='lat' dir='ltr'>pari</span> <span class='ocrx_word' id='word_1_99' title='bbox 1012 1397 1152 1437; x_wconf 86' lang='lat' dir='ltr'>fuistis</span> 
     </span>
     <span class='ocr_line' id='line_1_26' title="bbox 353 1452 1127 1505; baseline -0.003 -11"><span class='ocrx_word' id='word_1_100' title='bbox 353 1452 481 1494; x_wconf 87' lang='lat' dir='ltr'>Casu:</span> <span class='ocrx_word' id='word_1_101' title='bbox 513 1467 611 1493; x_wconf 89' lang='lat' dir='ltr'>nam</span> <span class='ocrx_word' id='word_1_102' title='bbox 641 1452 775 1492; x_wconf 87' lang='lat' dir='ltr'>nihilo</span> <span class='ocrx_word' id='word_1_103' title='bbox 807 1453 969 1492; x_wconf 90' lang='lat' dir='ltr'>minore</span> <span class='ocrx_word' id='word_1_104' title='bbox 1000 1467 1127 1505; x_wconf 84' lang='lat' dir='ltr'>verpa</span> 
     </span>
    </p>

    <p class='ocr_par' dir='ltr' id='par_1_17' title="bbox 349 1507 1141 1561">
     <span class='ocr_line' id='line_1_27' title="bbox 349 1507 1141 1561; baseline 0.001 -13"><span class='ocrx_word' id='word_1_105' title='bbox 349 1507 466 1549; x_wconf 86' lang='lat' dir='ltr'>Farti</span> <span class='ocrx_word' id='word_1_106' title='bbox 498 1509 610 1549; x_wconf 88' lang='lat' dir='ltr'>estis.</span> <span class='ocrx_word' id='word_1_107' title='bbox 650 1510 746 1561; x_wconf 88' lang='lat' dir='ltr'>pete</span> <span class='ocrx_word' id='word_1_108' title='bbox 776 1508 940 1548; x_wconf 86' lang='lat' dir='ltr'>nobiles</span> <span class='ocrx_word' id='word_1_109' title='bbox 972 1508 1141 1549; x_wconf 87' lang='lat' dir='ltr'>amicos.</span> 
     </span>
    </p>

    <p class='ocr_par' dir='ltr' id='par_1_18' title="bbox 348 1563 1208 1673">
     <span class='ocr_line' id='line_1_28' title="bbox 350 1563 1145 1616; baseline -0.001 -12"><span class='ocrx_word' id='word_1_110' title='bbox 350 1564 410 1604; x_wconf 90' lang='lat' dir='ltr'>At</span> <span class='ocrx_word' id='word_1_111' title='bbox 439 1563 557 1605; x_wconf 87' lang='lat' dir='ltr'>vobis</span> <span class='ocrx_word' id='word_1_112' title='bbox 587 1564 699 1604; x_wconf 84' lang='lat' dir='ltr'>mala</span> <span class='ocrx_word' id='word_1_113' title='bbox 729 1563 861 1603; x_wconf 84' lang='lat' dir='ltr'>multa</span> <span class='ocrx_word' id='word_1_114' title='bbox 892 1563 932 1603; x_wconf 88' lang='lat' dir='ltr'>di</span> <span class='ocrx_word' id='word_1_115' title='bbox 963 1563 1145 1616; x_wconf 83' lang='lat' dir='ltr'>deaeque</span> 
     </span>
     <span class='ocr_line' id='line_1_29' title="bbox 348 1618 1208 1673; baseline -0.001 -13"><span class='ocrx_word' id='word_1_116' title='bbox 348 1619 482 1673; x_wconf 74' lang='lat' dir='ltr'>Dent,</span> <span class='ocrx_word' id='word_1_117' title='bbox 513 1619 740 1673; x_wconf 84' lang='lat' dir='ltr'>opprobria</span> <span class='ocrx_word' id='word_1_118' title='bbox 770 1618 963 1659; x_wconf 87' lang='lat' dir='ltr'>Romulei</span> <span class='ocrx_word' id='word_1_119' title='bbox 993 1619 1208 1672; x_wconf 83' lang='lat' dir='ltr'>Remique.</span> 
     </span>
    </p>
   </div>
   <div class='ocr_carea' id='block_1_10' title="bbox 778 1711 979 1715">
    <p class='ocr_par' dir='ltr' id='par_1_19' title="bbox 778 1711 979 1715">
     <span class='ocr_line' id='line_1_30' title="bbox 778 1711 979 1715; baseline 0 0"><span class='ocrx_word' id='word_1_120' title='bbox 778 1711 979 1715; x_wconf 95' lang='lat' dir='ltr'> </span> 
     </span>
    </p>
   </div>
   <div class='ocr_carea' id='block_1_11' title="bbox 752 1766 992 1813">
    <p class='ocr_par' dir='ltr' id='par_1_20' title="bbox 752 1766 992 1813">
     <span class='ocr_line' id='line_1_31' title="bbox 752 1766 992 1813; baseline 0 0"><span class='ocrx_word' id='word_1_121' title='bbox 752 1766 992 1813; x_wconf 79' lang='lat' dir='ltr'><strong>XXVIIH.</strong></span> 
     </span>
    </p>
   </div>
   <div class='ocr_carea' id='block_1_12' title="bbox 348 1852 1354 2060">
    <p class='ocr_par' dir='ltr' id='par_1_21' title="bbox 348 1852 1354 2060">
     <span class='ocr_line' id='line_1_32' title="bbox 351 1852 1354 1906; baseline 0 -13"><span class='ocrx_word' id='word_1_122' title='bbox 351 1853 453 1902; x_wconf 81' lang='lat' dir='ltr'>Quis</span> <span class='ocrx_word' id='word_1_123' title='bbox 483 1853 563 1894; x_wconf 90' lang='lat' dir='ltr'>hoc</span> <span class='ocrx_word' id='word_1_124' title='bbox 594 1854 735 1906; x_wconf 85' lang='lat' dir='ltr'>potest</span> <span class='ocrx_word' id='word_1_125' title='bbox 763 1852 923 1905; x_wconf 79' lang='lat' dir='ltr'>videre,</span> <span class='ocrx_word' id='word_1_126' title='bbox 956 1853 1047 1906; x_wconf 87' lang='lat' dir='ltr'>quis</span> <span class='ocrx_word' id='word_1_127' title='bbox 1077 1854 1217 1906; x_wconf 88' lang='lat' dir='ltr'>potest</span> <span class='ocrx_word' id='word_1_128' title='bbox 1245 1852 1354 1906; x_wconf 82' lang='lat' dir='ltr'>pati,</span> 
     </span>
     <span class='ocr_line' id='line_1_33' title="bbox 348 1908 1134 1962; baseline -0.003 -12"><span class='ocrx_word' id='word_1_129' title='bbox 348 1909 444 1950; x_wconf 88' lang='lat' dir='ltr'>Nisi</span> <span class='ocrx_word' id='word_1_130' title='bbox 474 1909 693 1962; x_wconf 87' lang='lat' dir='ltr'>inpudicus</span> <span class='ocrx_word' id='word_1_131' title='bbox 725 1910 767 1949; x_wconf 89' lang='lat' dir='ltr'>et</span> <span class='ocrx_word' id='word_1_132' title='bbox 794 1923 922 1949; x_wconf 78' lang='lat' dir='ltr'>vorax</span> <span class='ocrx_word' id='word_1_133' title='bbox 953 1910 994 1949; x_wconf 92' lang='lat' dir='ltr'>et</span> <span class='ocrx_word' id='word_1_134' title='bbox 1024 1908 1134 1961; x_wconf 83' lang='lat' dir='ltr'>aleo,</span> 
     </span>
     <span class='ocr_line' id='line_1_34' title="bbox 349 1963 1312 2017; baseline 0 -13"><span class='ocrx_word' id='word_1_135' title='bbox 349 1964 607 2004; x_wconf 83' lang='lat' dir='ltr'>Mamurram</span> <span class='ocrx_word' id='word_1_136' title='bbox 636 1963 790 2004; x_wconf 88' lang='lat' dir='ltr'>habere</span> <span class='ocrx_word' id='word_1_137' title='bbox 825 1963 935 2017; x_wconf 84' lang='lat' dir='ltr'>quod</span> <span class='ocrx_word' id='word_1_138' title='bbox 967 1963 1144 2005; x_wconf 84' lang='lat' dir='ltr'>Comata</span> <span class='ocrx_word' id='word_1_139' title='bbox 1175 1963 1312 2004; x_wconf 84' lang='lat' dir='ltr'>Gallia</span> 
     </span>
     <span class='ocr_line' id='line_1_35' title="bbox 349 2019 1200 2060; baseline -0.001 0"><span class='ocrx_word' id='word_1_140' title='bbox 349 2019 546 2060; x_wconf 84' lang='lat' dir='ltr'>Habebat</span> <span class='ocrx_word' id='word_1_141' title='bbox 574 2022 672 2060; x_wconf 90' lang='lat' dir='ltr'>ante</span> <span class='ocrx_word' id='word_1_142' title='bbox 703 2022 745 2060; x_wconf 90' lang='lat' dir='ltr'>et</span> <span class='ocrx_word' id='word_1_143' title='bbox 772 2019 921 2060; x_wconf 85' lang='lat' dir='ltr'>ultima</span> <span class='ocrx_word' id='word_1_144' title='bbox 950 2019 1200 2059; x_wconf 79' lang='lat' dir='ltr'>Britannia?</span> 
     </span>
    </p>
   </div>
   <div class='ocr_carea' id='block_1_13' title="bbox 257 2073 1325 2128">
    <p class='ocr_par' dir='ltr' id='par_1_22' title="bbox 257 2073 1325 2128">
     <span class='ocr_line' id='line_1_36' title="bbox 257 2073 1325 2128; baseline 0.001 -14"><span class='ocrx_word' id='word_1_145' title='bbox 257 2084 277 2115; x_wconf 80' lang='grc'><strong>5</strong></span> <span class='ocrx_word' id='word_1_146' title='bbox 354 2074 536 2116; x_wconf 84' lang='lat' dir='ltr'>Cinaede</span> <span class='ocrx_word' id='word_1_147' title='bbox 566 2075 762 2128; x_wconf 78' lang='lat' dir='ltr'>Romule,</span> <span class='ocrx_word' id='word_1_148' title='bbox 793 2074 896 2116; x_wconf 84' lang='lat' dir='ltr'>haec</span> <span class='ocrx_word' id='word_1_149' title='bbox 926 2074 1085 2115; x_wconf 86' lang='lat' dir='ltr'>videbis</span> <span class='ocrx_word' id='word_1_150' title='bbox 1117 2076 1158 2115; x_wconf 91' lang='lat' dir='ltr'>et</span> <span class='ocrx_word' id='word_1_151' title='bbox 1187 2073 1325 2115; x_wconf 76' lang='lat' dir='ltr'>feres?</span> 
     </span>
    </p>
   </div>
   <div class='ocr_carea' id='block_1_14' title="bbox 256 2130 1081 2183">
    <p class='ocr_par' dir='ltr' id='par_1_23' title="bbox 256 2130 1081 2183">
     <span class='ocr_line' id='line_1_37' title="bbox 256 2130 1081 2183; baseline 0.002 -13"><span class='ocrx_word' id='word_1_152' title='bbox 256 2140 276 2170; x_wconf 84' lang='lat'>5</span> <span class='ocrx_word' id='word_1_153' title='bbox 350 2130 412 2171; x_wconf 79' lang='lat' dir='ltr'>Es</span> <span class='ocrx_word' id='word_1_154' title='bbox 441 2131 663 2183; x_wconf 35' lang='lat' dir='ltr'>ioszpuclicus</span> <span class='ocrx_word' id='word_1_155' title='bbox 693 2134 729 2171; x_wconf 75' lang='lat' dir='ltr'>et</span> <span class='ocrx_word' id='word_1_156' title='bbox 757 2144 888 2172; x_wconf 74' lang='lat' dir='ltr'>vorax</span> <span class='ocrx_word' id='word_1_157' title='bbox 917 2133 954 2171; x_wconf 72' lang='lat' dir='ltr'>et</span> <span class='ocrx_word' id='word_1_158' title='bbox 983 2131 1081 2172; x_wconf 77' lang='lat' dir='ltr'>aleo.</span> 
     </span>
    </p>
   </div>
   <div class='ocr_carea' id='block_1_15' title="bbox 349 2185 1243 2283">
    <p class='ocr_par' dir='ltr' id='par_1_24' title="bbox 349 2185 1243 2283">
     <span class='ocr_line' id='line_1_38' title="bbox 350 2185 1243 2239; baseline 0 -13"><span class='ocrx_word' id='word_1_159' title='bbox 350 2185 408 2226; x_wconf 87' lang='lat' dir='ltr'>Et</span> <span class='ocrx_word' id='word_1_160' title='bbox 437 2186 507 2226; x_wconf 90' lang='lat' dir='ltr'>ille</span> <span class='ocrx_word' id='word_1_161' title='bbox 539 2200 651 2226; x_wconf 88' lang='lat' dir='ltr'>nunc</span> <span class='ocrx_word' id='word_1_162' title='bbox 682 2186 884 2239; x_wconf 85' lang='lat' dir='ltr'>superbus</span> <span class='ocrx_word' id='word_1_163' title='bbox 915 2188 956 2226; x_wconf 91' lang='lat' dir='ltr'>et</span> <span class='ocrx_word' id='word_1_164' title='bbox 987 2185 1243 2239; x_wconf 89' lang='lat' dir='ltr'>superfluens</span> 
     </span>
     <span class='ocr_line' id='line_1_39' title="bbox 349 2240 1064 2283; baseline 0 -1"><span class='ocrx_word' id='word_1_165' title='bbox 349 2240 664 2283; x_wconf 84' lang='lat' dir='ltr'>Perambulabit</span> <span class='ocrx_word' id='word_1_166' title='bbox 693 2242 878 2282; x_wconf 88' lang='lat' dir='ltr'>omnium</span> <span class='ocrx_word' id='word_1_167' title='bbox 912 2241 1064 2282; x_wconf 87' lang='lat' dir='ltr'>cubilia</span> 
     </span>
    </p>
   </div>
  </div>
 </body>
</html>
