1574 2692
225 152 280 195 58
760 157 961 193 CATVLH
1322 159 1500 207 [LXVIII.

244 272 287 303 60
362 264 442 305 Per
471 263 655 305 medium
686 265 840 306 sensim
869 266 1023 307 transit
1051 266 1131 307 iter
1161 267 1325 321 populi,

306 319 441 360 Dulce
471 320 621 360 viatori
651 321 762 361 lasso
793 320 838 361 in
868 321 1017 362 sudore
1047 322 1258 375 levamen,

364 374 471 417 Cum
500 376 640 429 gravis
671 378 839 416 exustos
871 379 1009 418 aestus
1039 377 1199 418 hiulcat
1227 392 1374 432 agros:

307 430 408 481 Hic,
441 431 557 471 velut
585 431 631 471 in
658 431 782 486 nigro
813 432 977 473 iactatis
1007 433 1175 474 turbine
1205 434 1344 475 nautis

363 486 518 527 Lenius
549 487 737 539 aspirans
769 501 869 527 aura
899 488 1081 528 secunda
1110 489 1225 529 venit

243 550 285 581 65
301 541 391 582 Iam
422 556 544 595 prece
574 541 778 595 Pollucis,
810 543 893 583 iam
925 542 1111 584 Castoris
1142 544 1371 598 inplorata,

364 597 466 638 Tale
496 597 576 638 fuit
606 598 728 638 nobis
759 597 926 638 Manius
957 599 1168 640 auxilium.

306 652 348 694 Is
380 653 541 693 clusum
571 653 656 693 lato
686 654 886 707 patefecit
914 654 1048 695 limite
1081 669 1293 709 campum,

363 707 487 762 Isque
518 708 689 749 domum
718 709 840 750 nobis
871 710 988 763 isque
1020 710 1134 751 dedit
1164 711 1397 765 dominam,

306 764 374 804 Ad
406 778 529 817 quam
560 778 801 805 communes
833 779 1116 807 exerceremus
1147 780 1322 808 amores„

241 827 285 859 70
309 830 313 832 ’
361 819 451 868 Quo
482 834 576 860 mea
606 834 649 861 se
679 821 797 861 molli
828 821 1003 862 candida
1034 821 1128 862 diva
1156 822 1261 876 pede

304 874 456 916 Intulit
485 877 527 916 et
555 876 654 916 trito
685 876 917 930 fulgentem
948 877 993 918 in
1022 877 1167 918 limine
1198 878 1385 931 plantam

361 930 512 971 Innixa
542 933 692 985 arguta
722 932 943 973 constituit
971 933 1105 986 solea,

306 986 510 1041 Coniugis
543 989 590 1027 ut
619 987 831 1040 quondam
861 988 1044 1043 flagrans
1076 989 1245 1030 advenit
1273 1004 1413 1031 amore

360 1042 659 1083 Protesilaeam
689 1043 916 1084 Laudamia
946 1044 1116 1085 domum

240 1105 282 1137 75
302 1097 521 1152 Inceptam
550 1098 725 1151 frustra,
757 1099 946 1140 nondum
978 1114 1071 1141 cum
1102 1101 1305 1155 sanguine
1337 1115 1455 1143 sacro

360 1153 513 1194 Hostia
544 1154 734 1195 caelestis
765 1155 1025 1208 pacificasset
1056 1170 1161 1197 eros.

304 1209 379 1250 Nil
408 1209 512 1250 mihi
542 1211 629 1250 tam
658 1210 778 1250 valde
809 1211 992 1264 placeat,
1024 1211 1285 1253 Rhamnusia
1314 1212 1453 1268 virgo,

363 1264 483 1313 Quod
513 1267 668 1306 temere
699 1266 842 1307 invitis
874 1267 1124 1321 suscipiatur
1154 1268 1247 1309 eris.

304 1320 437 1369 Quam
468 1321 607 1361 ieiuna
635 1321 751 1375 pium
781 1321 988 1363 desideret
1017 1337 1088 1363 ara
1118 1338 1327 1378 cruorem,

238 1384 283 1416 80
357 1376 536 1417 Doctast
565 1378 718 1418 amisso
749 1377 979 1419 Laudamia
1007 1379 1116 1432 viro,

304 1431 506 1486 Coniugis
537 1434 634 1473 ante
665 1436 810 1473 coacta
838 1435 939 1474 novi
968 1434 1176 1476 dimittere
1208 1436 1381 1489 collum,

359 1487 493 1536 Quam
523 1488 696 1529 veniens
727 1503 809 1529 una
839 1491 961 1543 atque
992 1491 1122 1531 altera
1150 1505 1292 1532 rursus
1331 1491 1495 1546 hiemps

302 1542 510 1585 Noctibus
540 1543 585 1584 in
615 1544 754 1598 longis
785 1545 953 1586 avidum
984 1548 1211 1587 saturasset
1239 1561 1443 1598 amorem,

360 1598 511 1640 Posset
539 1602 586 1640 ut
616 1600 792 1653 abrupto
823 1601 962 1642 vivere
992 1602 1212 1656 coniugio,

237 1662 279 1694 85
302 1654 422 1703 Quod
453 1655 610 1695 scirant
639 1655 794 1696 Parcae
824 1671 911 1697 non
942 1657 1070 1711 longo
1102 1660 1290 1712 tempore
1329 1658 1494 1714 adesse,

359 1710 403 1751 Si
432 1711 552 1751 miles
583 1725 725 1752 muros
756 1713 857 1752 isset
886 1712 937 1753 ad
967 1712 1139 1754 Iliacos:

299 1765 413 1808 Nam
441 1768 532 1807 tum
562 1765 749 1807 Helenae
779 1770 902 1821 raptu
931 1769 1134 1822 primores
1165 1769 1421 1824 Argivorum

360 1821 568 1875 Coeperat
598 1822 650 1862 ad
681 1837 770 1863 sese
801 1822 927 1864 Troia
957 1824 1063 1865 ciere
1093 1825 1223 1878 viros,

299 1877 426 1918 Troia
464 1877 617 1932 (nefas)
659 1892 880 1920 commune
921 1880 1158 1933 sepulcrum
1194 1881 1324 1922 Asiae
1360 1881 1492 1924 Euro-

1020 1950 1200 1990 paeque,

235 1997 278 2028 90
354 1987 480 2030 Troia
509 1989 644 2030 virum
676 1991 718 2030 et
746 1990 947 2031 virtutum
969 1992 1158 2032 omnium
1187 1992 1335 2033 acerba
1365 1993 1491 2048 cinis,

300 2043 469 2092 Quaene
500 2045 626 2086 etiam
656 2047 802 2086 nostro
833 2046 963 2086 letum
994 2047 1231 2089 miserabile
1260 2048 1379 2089 fratri

353 2101 523 2142 Attulit.
565 2101 602 2141 ei
632 2101 786 2142 misero
817 2101 946 2143 frater
975 2102 1168 2157 adempte
1197 2103 1321 2156 mihi,

297 2154 351 2196 Ei
381 2156 534 2197 misero
564 2157 686 2197 fratri
716 2157 941 2198 iocundum
971 2158 1113 2199 lumen
1143 2158 1402 2214 ademptum,

354 2211 510 2253 Tecum
539 2227 623 2253 una
652 2215 782 2253 totast
811 2215 956 2254 nostra
986 2215 1149 2268 sepulta
1178 2215 1344 2268 domus,

233 2275 275 2306 95
298 2265 450 2308 Omnia
479 2270 618 2308 tecum
647 2283 731 2309 una
760 2269 973 2322 perierunt
1001 2270 1152 2323 gaudia
1181 2269 1347 2324 nostra,

356 2321 469 2371 Quae
500 2325 594 2364 tuos
625 2324 670 2364 in
699 2324 786 2364 vita
816 2324 948 2365 dulcis
978 2325 1118 2366 alebat
1147 2340 1275 2367 amor.
