1601 2697
229 76 286 121 48
766 81 968 119 CATVLm
1345 85 1504 131 [ann.

231 196 298 228 280
313 188 425 229 Nam
462 202 744 243 quoscumque
781 189 922 231 ferunt
963 191 1119 244 campi,
1166 205 1270 254 quos
1307 191 1506 234 Thessala

1035 261 1201 300 magms

315 299 532 340 Montibus
563 313 635 340 ora
666 302 797 354 creat,
830 315 934 354 quos
964 304 1136 355 propter
1162 302 1346 344 fluminis
1373 303 1504 344 undas

315 355 432 395 Aura
460 355 572 408 parit
599 355 723 396 flores
752 356 886 409 tepidi
916 356 1095 398 fecunda
1123 357 1303 411 Favoni,

315 409 408 450 Hos
438 409 691 450 indistinctis
721 411 866 464 plexos
896 412 994 453 tulit
1022 413 1111 466 ipse
1141 413 1308 453 corollis
1318 444 1329 465 ‚

319 465 410 513 Quo
440 465 650 519 permulsa
680 465 827 507 domus
857 467 1037 508 iocundo
1067 468 1161 508 risit
1191 468 1329 509 odore.

232 528 296 559 285
314 519 549 561 Confestim
577 520 731 562 Penios
762 522 898 575 adest,
929 522 1151 563 viridantia
1180 523 1356 577 Tempe,

317 575 492 629 Tempe,
524 590 629 629 quae
659 577 787 617 silvae
819 578 995 632 cingunt
1025 592 1149 631 super
1178 579 1473 632 inpendentes,

315 633 342 682 ’ἲ
362 630 561 672 Minosim
592 632 786 685 linquens
818 633 973 674 crebris
1004 634 1252 674 celebranda
1283 633 1465 687 choreis,

316 685 417 727 Non
446 701 620 728 vacuos:
651 702 833 741 namque
862 688 933 729 ille
962 689 1061 730 tulit
1086 689 1286 737 radicitus
1318 689 1423 731 altas

316 741 454 796 Fagos
485 756 532 783 ac
561 744 676 783 recto
706 757 900 797 proceras
931 745 1074 797 stipite
1103 745 1263 798 laurus,

233 805 299 836 290
315 797 415 838 Non
445 798 534 838 sine
562 799 730 839 nutanti
759 799 930 852 platano
962 800 1156 854 lentaque
1187 814 1328 842 sorore

316 852 540 893 Flammati
569 852 846 895 Phaethontis
877 857 920 895 et
949 855 1058 895 aeria
1089 869 1297 909 cupressu.

316 907 432 949 Haec
463 908 617 949 circum
649 909 766 950 sedes
796 910 879 950 late
911 912 1106 951 contexta
1134 911 1306 964 locavit,

316 963 583 1004 Vestibulum
612 966 659 1004 ut
687 965 806 1005 molli
835 965 1018 1006 velatum
1053 966 1201 1006 fronde
1231 967 1394 1008 vireret.

316 1018 419 1059 Post
446 1018 560 1060 hunc
590 1021 859 1074 consequitur
883 1021 1043 1062 sollerti
1065 1022 1189 1062 corde
1208 1021 1505 1076 Prometheus,

232 1083 298 1113 295
313 1074 552 1115 Extenuata
579 1090 734 1129 gerens
764 1076 916 1117 veteris
946 1077 1125 1131 vestigia
1152 1091 1333 1131 poenae,

318 1129 451 1178 Quam
467 1131 678 1184 quondam
700 1131 897 1184 scythicis
918 1133 1136 1173 restrictus
1156 1133 1344 1174 membra
1360 1135 1504 1174 catena

316 1184 524 1226 Persolvit
552 1187 739 1239 pendens
771 1202 792 1228 e
822 1188 1046 1228 verticibus
1076 1189 1323 1242 praeruptis.

317 1240 421 1282 Inde
451 1244 570 1295 pater
600 1243 739 1283 divom
771 1246 916 1283 sancta
946 1257 1040 1284 cum
1070 1245 1248 1298 coniuge
1277 1244 1472 1298 natisque

316 1296 502 1337 Advenit
532 1298 666 1351 caelo,
697 1300 739 1338 te
770 1299 924 1351 solum,
955 1298 1144 1352 Phoebe,
1175 1300 1416 1354 relinquens

232 1360 299 1391 300
314 1351 635 1406 Vnigenamque
667 1354 790 1395 simul
821 1355 1035 1395 cultricem
1065 1355 1279 1396 montibus
1309 1355 1416 1397 Idri:

317 1407 442 1448 Pelea
469 1422 569 1448 nam
600 1411 737 1449 tecum
767 1410 923 1462 pariter
952 1423 1070 1450 soror
1100 1413 1362 1464 aspernatast

316 1462 407 1504 Nec
437 1463 626 1505 Thetidis
656 1465 800 1505 taedas
830 1466 962 1506 voluit
993 1466 1200 1507 celebrare
1229 1467 1394 1521 iugalis.

319 1518 399 1566 Qui
428 1521 651 1573 postquam
680 1520 814 1561 niveis
844 1520 1050 1562 flexerunt
1079 1521 1246 1562 sedibus
1276 1523 1409 1574 artus,

316 1574 451 1629 Large
480 1575 703 1629 multiplici
734 1578 998 1617 constructae
1029 1579 1126 1618 sunt
1156 1577 1260 1631 dape
1289 1591 1478 1631 mensae,

233 1637 297 1668 305
317 1629 423 1670 Cum
452 1631 612 1671 interea
641 1631 807 1672 infirmo
839 1632 1074 1685 quatientes
1105 1646 1280 1686 corpora
1307 1636 1426 1675 motu

317 1685 535 1730 Veridicos
565 1686 719 1728 Parcae
751 1690 978 1741 coeperunt
1007 1688 1127 1729 edere
1158 1690 1318 1729 cantus.

321 1740 392 1781 His
424 1755 574 1795 corpus
604 1743 830 1783 tremulum
861 1744 1130 1796 conplectens
1167 1744 1351 1797 undique
1380 1744 1507 1786 vestis

317 1796 507 1838 Candida
534 1812 744 1851 purpurea
772 1799 879 1839 talos
909 1799 1144 1840 incinxerat
1174 1814 1264 1853 ora,

316 1855 493 1893 Annoso
523 1853 669 1894 niveae
698 1854 937 1894 residebant
966 1856 1120 1896 vertice
1148 1856 1298 1909 vittae,

232 1916 298 1946 310
314 1909 627 1962 Aeternumque
657 1924 806 1950 manus
839 1910 1067 1963 carpebant
1095 1911 1173 1951 rite
1203 1911 1403 1953 laborem.

316 1963 454 2004 Laeva
484 1965 623 2004 colum
651 1965 771 2005 molli
800 1965 897 2006 lana
925 1966 1133 2007 retinebat
1162 1967 1379 2021 amictum,

316 2017 502 2060 Dextera
529 2022 619 2060 tum
650 2021 797 2061 leviter
828 2020 1035 2062 deducens
1065 2022 1136 2062 fila
1165 2022 1326 2075 supinis

316 2074 543 2116 Formabat
573 2075 736 2130 digitis,
767 2078 857 2117 tum
886 2091 1020 2130 prono
1051 2077 1095 2118 in
1124 2078 1276 2131 pollice
1306 2080 1506 2132 torquens

315 2129 533 2172 Libratum
563 2132 686 2172 tereti
715 2132 908 2173 versabat
936 2132 1103 2173 turbine
1132 2133 1290 2187 fusum,

231 2194 296 2224 315
314 2186 453 2239 Atque
484 2187 542 2227 ita
572 2187 798 2241 decerpens
829 2188 1032 2241 aequabat
1063 2203 1224 2242 semper
1255 2203 1359 2243 opus
1390 2189 1506 2243 dens,

315 2240 537 2297 Laneaque
568 2243 740 2284 aridulis
769 2242 998 2285 haerebant
1027 2258 1166 2285 morsa
1195 2244 1377 2299 labellis,
