1601 2697
162 1075 204 1106 10

168 2268 210 2299 10

696 101 898 136 CATVLLI

268 208 372 248 Tam
401 209 611 262 gratumst
639 208 744 248 mihi
775 223 899 261 quam
928 208 1070 249 ferunt
1098 208 1262 262 puellae

266 263 432 303 Pernici
463 263 677 303 aureolum
707 263 836 305 fuisse
866 264 1043 316 malum,

269 318 390 367 Quod
419 332 569 360 zonam
600 319 728 359 soluit
758 319 828 359 diu
858 320 1044 373 ligatam.

755 481 838 527 ΠΙ.

268 567 448 622 Lugete,
478 581 503 609 0
532 566 718 608 Veneres
751 567 1080 621 Cupidinesque,

268 623 338 670 Et„
357 625 602 676 quantumst
630 622 849 663 hominum
880 623 1181 666 venustiorum.

269 678 420 719 Passer
448 681 637 719 mortuus
668 680 734 719 est
762 692 878 719 meae
908 679 1092 731 puellae,

270 734 440 788 Passer,
473 734 645 775 deliciae
674 748 791 774 meae
821 735 1006 787 puellae,

271 790 402 837 Quem
432 790 528 843 plus
557 789 631 829 illa
661 789 793 829 oculis
825 789 910 829 suis
942 789 1129 829 amabat:

270 845 381 886 Nam
411 845 595 885 mellitus
627 847 715 885 erat
745 859 944 897 suamque
975 847 1099 884 nolat

270 900 370 953 Ipsa
397 902 485 940 tam
515 900 621 940 bene
652 914 777 953 quam
806 900 947 953 puella
977 901 1158 940 matrem

271 955 363 997 Nec
394 970 483 996 sese
514 970 538 995 a
566 955 726 1009 gremio
758 955 870 995 illius
901 955 1120 1008 movebat,

273 1011 354 1052 Sed
386 1011 687 1052 circumsiliens
717 1010 843 1051 modo
873 1010 955 1051 huc
985 1010 1110 1051 modo
1143 1010 1243 1052 illuc

270 1066 339 1107 Ad
370 1067 503 1107 solam
534 1066 748 1107 dominam
777 1080 909 1119 usque
938 1066 1140 1120 pipiabat.

274 1122 356 1170 Qui
385 1136 497 1162 1111116
527 1122 561 1162 it
590 1136 664 1175 per
694 1122 774 1162 iter
802 1122 1114 1162 tenebricosum

272 1177 398 1231 Illuc,
429 1177 540 1218 unde
570 1179 731 1232 negant
759 1176 894 1218 redire
925 1191 1189 1231 quemquam.

273 1234 333 1274 At
362 1233 481 1273 vobis
511 1233 620 1273 male
652 1233 724 1285 sit,
756 1233 891 1273 malae
923 1233 1122 1273 tenebrae

275 1288 394 1342 Orci,
426 1302 531 1342 quae
562 1289 703 1329 omnia
731 1288 843 1328 bella
872 1288 1101 1329 devoratis:

273 1344 377 1385 Tam
408 1344 564 1384 bellum
593 1343 697 1384 mihi
727 1357 939 1397 passerem
969 1343 1218 1387 abstulistiS.

276 1400 310 1441 Ο
341 1400 499 1440 factum
528 1399 657 1440 male!
690 1399 730 1439 io
760 1399 922 1440 miselle
951 1401 1113 1453 passer!

276 1455 366 1495 Tua
394 1469 507 1495 nunc
537 1469 665 1508 opera
694 1469 809 1495 meae
839 1455 1004 1508 puellae

278 1509 435 1553 Flendo
465 1510 667 1565 turgiduli
697 1510 850 1551 rubent
882 1510 1017 1550 ocelli.

745 1673 852 1720 ΠΠ.

275 1760 480 1802 Phaselus
510 1760 600 1813 ille,
632 1774 756 1814 quem
786 1760 955 1813 videtis,
986 1759 1196 1814 hospites,

275 1817 352 1856 Ait
380 1816 509 1857 fuisse
539 1816 709 1856 navium
740 1815 1001 1867 celerrimus,

276 1871 424 1925 Neque
454 1872 581 1912 ullius
610 1871 798 1911 natantis
828 1871 1032 1925 impetum
1063 1870 1194 1911 trabis

276 1927 484 1980 Nequisse
514 1929 680 1980 praeter
710 1927 790 1979 ire,
823 1927 909 1967 sive
939 1926 1137 1980 palmulis

279 1982 343 2036 Op
346 1997 394 2022 us
425 1983 536 2023 foret
564 1983 704 2023 volare
735 1982 821 2022 sive
851 1982 994 2022 linteo.

278 2038 335 2078 Et
364 2037 445 2078 1106
474 2040 605 2092 negat
633 2038 810 2078 minacis
839 2037 1046 2077 Adriatici

278 2093 446 2147 Negare
477 2093 577 2134 litus
608 2093 817 2133 insulasve
849 2092 910 2145 Cy
899 2092 1053 2133 611ᾶὰ33

278 2148 557 2202 Rhodumque
588 2148 774 2189 nobilem
803 2148 1098 2209 horridamque
1129 2146 1353 2189 Thraciam

278 2204 540 2257 Propontida
568 2205 779 2244 trucemve
810 2203 1033 2244 Ponticum
1066 2217 1224 2257 Sinum,

277 2219 390 2300 Vbip
392 2260 470 2300 iste
500 2261 598 2313 post
626 2259 824 2313 phaselus
855 2261 978 2299 antea
1007 2258 1087 2299 fuit
