1601 2697
177 181 232 222 28

183 466 224 497 10

723 182 925 217 CATVLLI
1328 180 1453 226 [LVIL

293 290 388 332 Vno
417 290 463 332 in
492 290 646 331 lectulo
656 321 668 343 ,
700 288 894 330 erudituli
926 288 1068 341 ambo,

291 346 392 387 Non
421 346 488 387 hie
520 360 644 399 quam
673 345 744 385 ille
774 344 909 399 magis
939 358 1068 385 vorax
1098 343 1278 396 adulter,

291 401 460 442 Rivales
491 401 619 442 sooiei
649 400 937 454 puellularum.

290 457 438 498 Pulore
469 456 666 498 convenit
695 455 884 509 inprobis
917 454 1115 496 cinaedis.

734 618 864 665 LVH
866 618 901 666 L

296 704 434 759 Caeli,
465 705 617 747 Lesbia
645 707 810 758 nostra,
842 704 994 745 Lesbia
1023 704 1117 758 illa,

294 761 374 802 Illa
402 761 573 815 Lesbia,
604 775 728 815 quam
759 760 948 802 Catullus
979 774 1107 800 unam

295 816 395 857 Plus
427 831 550 879 quam
581 831 624 857 se
655 818 779 869 atque
810 830 906 857 suos
938 816 1093 856 amavit
1123 828 1289 868 omnes,

295 871 420 913 Nune
450 873 495 912 in
525 872 751 934 quadriviis
783 874 824 912 et
853 871 1087 925 angiportis

297 927 442 968 Glubit
470 928 765 982 magnanimos
795 927 917 967 Remi
946 928 1134 980 nepotes.

721 1090 911 1137 LVHH.

297 1177 579 1219 Bononiensis
609 1177 719 1218 Rufa
749 1177 948 1218 Rufulum
978 1176 1117 1229 fellat,

298 1232 415 1273 onr
445 1232 634 1286 Meneni,
667 1247 788 1286 saepe
820 1246 944 1286 quain
973 1233 1018 1272 in
1049 1231 1292 1287 sepulcretis

297 1288 474 1328 Vidistis
504 1288 596 1342 ipso
627 1302 772 1342 rapere
803 1287 852 1328 de
882 1301 987 1341 rogo
1020 1301 1183 1340 cenam,

300 1343 406 1385 Cum
437 1343 677 1384 devolutum
708 1358 757 1384 ex
787 1344 885 1397 igne
915 1356 1172 1396 prosequens
1202 1355 1354 1396 panem

297 1399 365 1440 Ab
397 1399 596 1440 semiraso
627 1399 871 1440 tunderetur
901 1401 1055 1439 ustore.

774 1563 872 1610 LX.

299 1649 413 1692 Num
443 1652 485 1690 te
515 1649 662 1690 leaena
691 1650 905 1690 montibus
936 1649 1167 1703 Libystinis

301 1706 390 1746 Aut
419 1704 558 1758 Scylla
588 1705 747 1745 latrans
777 1705 921 1746 infima
951 1705 1173 1760 inguinum
1202 1705 1319 1758 parte

302 1760 405 1801 Tam
435 1762 575 1801 mente
606 1760 708 1800 dura
737 1761 974 1823 procreavit
1003 1775 1050 1801 30
1080 1762 1233 1813 taetra,

300 1815 360 1856 Vt
391 1816 591 1870 supplicis
622 1829 767 1856 vocem
797 1817 842 1856 in
871 1817 1100 1857 novissimo
1133 1829 1231 1856 casu

301 1871 599 1925 Contempta-m
629 1870 804 1912 1131119193
836 1872 1035 1913 3211111113
1065 1872 1155 1912 fero
1187 1869 1338 1912 eorde?

765 2036 886 2082 LXI.

461 2122 594 2165 Collis
625 2137 648 2163 o
679 2122 891 2163 Heliconii

517 2177 685 2231 Cultor
719 2177 900 2218 Vraniae
930 2192 1084 2232 genus,

518 2233 598 2281 Qui
628 2233 740 2287 rapis
770 2236 957 2274 teneram
987 2233 1039 2273 ad
1068 2233 1202 2273 virum

460 2288 700 2343 Virginem,
733 2302 755 2329 o
786 2288 1028 2342 Hymenaee
1058 2288 1245 2342 Hymen,

517 2344 551 2385 Ο
582 2321 750 2398 H31n⁷en
780 2343 848 2398 H>
851 2358 1041 2397 menaee,
