1601 2697
221 699 292 776 Q.
349 698 719 763 VALERH
776 694 1148 760 OATVLLI

587 822 787 860 LIBER.

670 964 707 1012 Ι.

165 1043 287 1108 Quoi
316 1052 426 1093 dono
457 1051 642 1106 lepidum
671 1064 826 1092 novom
855 1049 1044 1090 libellum

167 1108 300 1150 Arida
327 1107 452 1149 modo
483 1106 648 1161 pumice
679 1104 938 1159 expolitum?

168 1163 357 1217 Corneli,
387 1163 485 1203 tibi:
515 1175 697 1215 namque
727 1163 773 1202 tu
804 1160 968 1201 solebas

167 1218 285 1260 Meas
315 1232 405 1259 esse
435 1217 591 1271 aliquid
620 1219 767 1271 putare
796 1229 954 1271 nugas,

168 1273 259 1315 Iam
287 1275 377 1314 tum
408 1287 501 1314 cum
532 1286 655 1313 ausus
686 1286 729 1313 es
758 1285 866 1312 unus
896 1270 1098 1311 Italorum

170 1329 304 1373 Omne
335 1343 482 1370 aevum
510 1328 644 1369 tribus
676 1327 884 1381 explicare
915 1325 1071 1367 chart-is

169 1384 336 1437 Doctis,
367 1383 576 1438 Iuppiter,
608 1385 649 1424 et
677 1381 912 1423 laboriosis.

171 1440 307 1489 Quare
336 1439 444 1480 habe
472 1439 552 1480 tibi
582 1437 782 1492 quidquid
811 1437 892 1478 hoc
922 1435 1074 1488 libelli,

170 1495 498 1548 Qualecumque,
530 1493 639 1547 quod
669 1507 693 1535 0
724 1494 903 1547 patrona
931 1491 1072 1545 virgo,

170 1550 271 1592 Plus
300 1564 384 1592 uno
415 1551 584 1591 maneat
611 1562 795 1603 perenne
826 1547 976 1588 saeclo.

660 1689 721 1736 Π.

173 1771 340 1825 Passer,
371 1770 544 1812 deliciae
573 1783 689 1811 meae
719 1769 902 1823 puellae,

175 1827 352 1876 Quicum
380 1826 543 1879 ludere,
574 1839 698 1879 quem
727 1825 772 1865 in
802 1824 897 1865 sinu
926 1825 1093 1876 tenere,

174 1882 283 1931 Quoi
311 1882 492 1936 primum
521 1880 701 1935 digitum
731 1879 827 1920 dare
858 1877 1073 1933 adpetenti

174 1937 233 1979 Et
261 1937 368 1979 aeris
399 1937 505 1977 solet
534 1936 708 1977 incitare
737 1949 920 1988 morsus,

176 1992 283 2035 Cum
313 1992 517 2033 desiderio
547 2005 641 2032 meo
671 1990 825 2031 nitenbi

177 2048 328 2090 Carum
358 2046 603 2100 nescioquid
633 2046 737 2087 libet
765 2044 894 2086 iocari

175 2103 237 2144 Vt
265 2103 510 2144 solaciolum
540 2101 605 2142 sui
634 2101 809 2153 doloris,

178 2156 313 2201 Credo
341 2159 389 2199 ut
416 2158 501 2198 iam
530 2156 670 2211 gravis
701 2156 938 2210 acquiescat
967 2155 1110 2196 ardor:

178 2213 334 2255 Tecum
363 2213 505 2254 ludere
535 2213 642 2253 sicut
670 2211 763 2265 ipsa
791 2225 960 2265 possem

178 2268 236 2310 Et
263 2268 397 2310 tristis
428 2268 557 2308 animi
586 2268 724 2308 levare
756 2267 892 2308 curas!

496 2341 519 2365 *
657 2339 681 2364 *
820 2339 842 2363 *

136 2391 158 2419 C
159 2398 304 2418 AAAAAA
1122 2389 1138 2420 1

1290 1552 1334 1582 10

1299 2271 1342 2302 10
