1601 2697
82 141 226 177 Lxun
227 141 243 185 J
635 141 789 178 LIBER.
1297 136 1350 180 47

83 247 362 301 Praecipitem
392 261 481 289 sese
511 248 778 311 scopulorum
807 261 829 288 e
857 247 1012 289 vertice
1040 247 1158 302 iecit,

83 303 299 344 Amissum
330 303 501 344 credens
530 303 669 344 inmiti
698 302 860 343 Thesea
887 303 989 344 fato.
1288 310 1352 342 245

86 357 154 399 Sic
182 358 350 399 funesta
380 358 526 398 domus
555 358 770 412 ingressus
799 359 910 398 tecta
938 360 1113 411 paterna

84 412 221 454 Morte
249 413 368 454 ferox
396 412 582 454 Theseus
613 413 778 475 qualem
807 412 986 454 Minoidi
1015 413 1173 453 luctum

86 468 305 509 Obtulerat
332 469 473 508 mente
503 468 725 508 inmemori
753 468 882 508 talem
911 468 1002 521 ipse
1030 468 1199 521 recepit.

86 523 200 572 Quae
228 524 371 563 tamen
400 525 620 585 aspectans
652 522 868 563 cedentem
897 525 1057 563 maesta
1087 523 1271 564 carinam

84 577 339 630 Multiplices
370 577 510 618 animo
540 578 736 618 volvebat
766 578 905 618 saucia
935 592 1064 619 curas.
1289 586 1354 617 250

84 634 145 674 Α1
171 634 290 686 parte
321 646 371 673 ex
400 633 481 672 alia
508 632 662 673 florens
691 633 896 674 volitabat
924 632 1098 674 Iacchus

86 687 192 729 Cum
221 687 358 728 thiaso
391 686 636 740 Satyrorum
666 690 707 728 et
735 687 964 742 Nysigenis
998 687 1166 741 Silenis,

85 743 144 784 Te
174 756 397 796 quaerenS,
428 743 634 796 Ariadna,
664 745 820 796 tuoque
851 744 1046 784 incensus
1077 757 1229 785 amore.

86 853 200 902 Quae
233 855 323 894 tum
357 853 513 895 alacres
549 853 707 907 passim
741 853 958 907 lymphata
992 855 1131 895 mente
1164 854 1272 894 fure-

886 910 991 950 bant

84 964 233 1006 Euhoe
261 964 531 1017 bacchantes,
564 964 695 1006 euhoe
727 965 863 1018 capita
892 965 1162 1005 inflectentes.
1291 971 1354 1003 255

86 1020 249 1061 Harum
278 1034 374 1073 pars
404 1022 516 1061 tecta
547 1020 789 1074 quatiebant
819 1020 988 1073 cuspide
1019 1019 1208 1073 thyrsos,

85 1075 189 1116 Pars
219 1089 241 1116 e
272 1075 431 1116 divolso
462 1076 674 1116 iactabant
702 1075 889 1116 membra
918 1076 1112 1128 iuvenco,

85 1131 189 1172 Pars
220 1144 310 1171 sese
340 1130 463 1171 tortis
495 1131 756 1184 serpentibus
787 1131 1081 1184 incingebant,

86 1185 189 1227 Pars
220 1185 395 1226 obscura
426 1186 534 1227 cavis
566 1186 833 1226 celebrabant
862 1187 981 1240 olgia
1011 1185 1068 1225 cis
1072 1186 1146 1238 tis,

89 1241 236 1296 Orgia,
268 1255 374 1294 quae
403 1240 559 1281 frustra
590 1241 764 1303 cupiunt
793 1241 936 1281 audiie
965 1240 1149 1295 profani,
1292 1249 1358 1280 260

86 1296 351 1351 Plangebant
381 1296 486 1337 31136
514 1296 699 1350 proceris
729 1299 930 1350 tympana
959 1296 1109 1350 palmis

87 1354 174 1393 Aut
202 1352 324 1393 tereti
353 1354 499 1392 tenues
527 1352 706 1392 tinnitus
737 1366 829 1392 aere
861 1351 1045 1403 ciebant,

87 1407 234 1448 Multis
263 1407 508 1448 raucisonos
540 1407 740 1447 efflabant
769 1421 925 1447 cornua
954 1407 1129 1448 bombos

87 1463 354 1515 Barbaraque
384 1461 576 1503 horribili
606 1462 809 1503 stridebat
837 1462 942 1503 tibia
972 1465 1107 1503 cantu.

144 1518 315 1559 Talibus
346 1517 553 1571 amplifice
582 1518 709 1558 vestis
740 1517 932 1559 decorata
961 1518 1105 1572 figuris
1294 1525 1357 1557 265

88 1574 288 1615 Pulvinar
319 1573 522 1626 conplexa
552 1586 625 1614 suo
656 1573 822 1614 velabat
851 1573 1016 1615 amictu.

11 1648 14 1651 ·
91 1629 204 1677 Quae
234 1630 456 1681 postquam
487 1628 634 1682 cupide
666 1627 893 1682 spectando
925 1628 1125 1670 Thessala
1154 1628 1284 1682 pubes

89 1684 183 1738 Exp
186 1684 328 1735 letast,
360 1684 514 1724 sanctis
546 1683 685 1736 coepit
714 1683 911 1724 decedere
942 1683 1059 1725 divis.

89 1740 189 1793 Η10,
222 1716 354 1793 qualis
384 1739 485 1779 flatu
514 1738 725 1792 placidum
754 1753 868 1779 mare
897 1740 1102 1780 matutino

89 1795 350 1836 Horrificans
381 1793 594 1848 Zephyrus
623 1794 830 1848 proclivas
860 1794 1008 1835 incitat
1036 1794 1168 1835 undas
1295 1802 1360 1832 270

90 1851 254 1891 Aurora
284 1849 494 1890 exoriente
524 1849 620 1904 vagi
651 1849 727 1890 sub
757 1849 904 1890 limina
934 1849 1041 1891 Solis

91 1905 205 1954 Quae
234 1904 352 1945 tarde
382 1905 563 1957 primum
593 1905 786 1946 clementi
813 1905 982 1945 flamine
1010 1905 1154 1958 pulsae

91 1960 330 2002 Procedunt
361 1960 464 2014 (leni
491 1962 691 2000 resonant
719 1960 924 2022 plangore
955 1960 1188 2015 cachinni),

91 2016 195 2058 Post
222 2017 346 2057 vento
379 2017 589 2056 crescente
619 2016 756 2069 magis
785 2016 919 2069 magis
950 1992 1241 2056 increbescunt

91 2071 385 2125 Purpureaque
414 2070 561 2124 procul
590 2073 739 2111 nantes
770 2085 793 2111 a
822 2071 913 2111 11106
943 2070 1175 2125 refulgent,
1296 2077 1359 2109 275

94 2126 162 2168 Sic
190 2127 250 2167 101
279 2126 475 2167 vestibuli
504 2126 739 2180 linquentes
768 2126 886 2180 regia
915 2127 1026 2167 tecta

93 2182 161 2223 Ad
192 2196 234 2223 56
265 2182 438 2236 quisque
467 2195 574 2236 vago
604 2182 762 2235 passim
790 2181 895 2235 pede
927 2180 1206 2222 discedebant.

94 2237 280 2285 Quorum
309 2239 406 2291 post
435 2237 593 2278 abitum
622 2238 817 2291 princeps
848 2251 869 2278 e
899 2237 1052 2277 vertice
1082 2236 1196 2278 Pelei

92 2293 278 2334 Advenit
307 2292 465 2335 Chiron
494 2294 666 2347 portans
697 2292 902 2335 silvestria
932 2292 1061 2334 dona:
