1574 2692
139 108 312 152 LXXVIJ
701 107 853 144 LIBER,
1361 104 1415 146 65

139 214 268 257 Nulla
296 214 398 255 fides
428 213 514 255 ullo
544 213 627 254 fuit
653 227 865 267 umquam·
882 213 1049 254 foedere
1077 215 1215 268 tanta,

197 270 364 318 Quanta
391 270 437 310 in
467 282 607 309 amore
636 270 709 309 tuo
742 282 793 308 ex
820 270 940 321 parte
968 272 1134 323 reperta
1162 271 1307 310 meast.

139 325 266 370 Nunc
287 327 350 366 est
368 338 488 366 mens
509 323 678 365 diducta
697 325 781 377 tua,
803 338 896 364 mea
915 323 1079 378 Lesbia,
1101 325 1236 379 culpa,
1286 329 1414 365 LXXV

197 381 336 435 Atque
366 381 425 421 ita
455 394 497 420 se
529 379 668 420 officio
699 378 881 433 perdidit
910 379 1002 433 ipsa
1032 393 1127 433 0110,

139 436 200 478 Vt
228 437 311 477 iam
340 449 418 476 nec
447 435 553 476 bene
583 434 690 475 velle
720 436 844 488 queat
871 435 972 489 11111,
1004 436 1039 476 01
1070 436 1228 489 optima
1257 435 1351 489 fias,

195 491 286 534 Nec
318 491 515 532 desistere
546 504 706 544 amare,
738 490 879 530 omnia
909 491 945 532 si
977 491 1117 532 facias.

665 681 877 730 LXXVI.

141 769 270 822 Siqua
298 767 537 809 recordanti
564 767 784 809 benefacta
812 769 953 822 priora
982 769 1175 823 voluptas

194 824 275 865 Est
302 823 485 877 1101111111,
517 838 611 865 011111
641 838 684 864 00
716 824 876 878 cogitat
905 839 994 865 esse
1023 825 1161 879 pium,

139 879 230 922 Nec
261 881 448 920 sanctam
478 879 656 920 violasse
685 879 828 933 fidem,
859 894 937 921 nec
966 880 1133 921 foedere
1163 881 1208 921 in
1237 880 1323 921 ullo

195 934 351 976 Divom
380 934 432 975 ad
462 934 668 975 fallendos
697 935 870 976 numine
900 935 1075 976 abusum
1104 935 1316 989 homines,

140 990 276 1031 Multa
304 992 451 1044 parata
479 993 653 1031 manent
681 990 727 1030 in
757 990 885 1045 longa
915 993 1068 1044 aetate,
1100 990 1285 1044 Catulle,
1393 999 1413 1030 5

196 1045 263 1087 Ex
290 1045 373 1087 hoc
401 1045 568 1100 ingrato
599 1045 752 1100 gaudia
781 1060 922 1087 amore
951 1046 1042 1087 tibi.

140 1101 251 1143 Nam
281 1115 565 1155 quaecumque
594 1100 786 1143 homines
816 1102 923 1142 bene
949 1102 1142 1155 cuiquam
1171 1104 1243 1143 aut
1273 1102 1331 1143 di-

943 1171 1035 1198 cere
1064 1160 1244 1211 possunt

196 1213 285 1253 Aut
313 1213 468 1266 facere,
500 1212 604 1254 11000
634 1226 658 1253 0
686 1214 728 1253 10
759 1212 951 1266 dictaque
981 1213 1173 1267 factaque
1204 1215 1320 1267 sunt3

141 1268 375 1322 Omniaque
404 1268 596 1322 ingratae
625 1268 841 1322 perierunt
871 1268 1027 1309 credita
1056 1268 1199 1309 menti.

198 1323 333 1372 Quare
362 1323 447 1364 iam
475 1325 517 1364 te
548 1337 620 1364 cur
649 1323 828 1377 amplius
860 1324 1100 1365 excrucies?
1373 1333 1416 1364 10

141 1379 253 1428 Quin
271 1381 320 1419 tu
340 1379 480 1419 animo
502 1379 687 1419 offirmas
709 1381 832 1432 atque
851 1379 978 1420 istinc
997 1381 1122 1433 teque
1141 1379 1306 1421 reducis

196 1434 254 1475 Et
283 1433 346 1474 dis
376 1434 519 1475 invitis
551 1434 707 1475 desinis
738 1448 827 1475 esse
857 1434 1013 1476 miser?

140 1489 367 1530 Difficilest
395 1489 571 1543 longum
604 1490 743 1530 subito
775 1489 984 1543 deponere
1014 1504 1212 1532 amorem.

197 1544 441 1598 Difficilest,
471 1559 616 1586 verum
645 1545 726 1586 hoc
757 1559 838 1598 qua
867 1546 984 1587 lubet
1014 1546 1182 1587 efficias,

140 1600 237 1642 Vna
266 1600 377 1641 salus
408 1599 512 1642 haec
542 1602 623 1653 est,
654 1600 735 1641 1100
766 1603 830 1641 001
858 1601 937 1642 11111
965 1602 1313 1655 pervincendum:
1374 1609 1414 1642 15

196 1655 291 1697 Hoc
321 1655 470 1710 facias,
502 1656 588 1697 sive
618 1656 661 1697 id
689 1669 777 1697 non
805 1658 905 1710 pote
936 1657 1022 1698 sive
1051 1659 1163 1711 pote.

142 1711 177 1753 O
199 1711 259 1762 di,
283 1711 318 1752 si
339 1713 566 1752 vestrumst
584 1711 791 1765 misereri,
817 1714 889 1753 aut
909 1712 944 1753 01
965 1712 1114 1766 quibus
1134 1727 1332 1767 umquam

196 1766 439 1808 Extremam
468 1768 552 1808 iam
581 1768 673 1821 ipsa
701 1769 836 1808 morte
865 1768 1022 1809 tulistis
1054 1782 1196 1823 opem,

141 1822 211 1863 Me
240 1823 439 1863 miserum
469 1823 642 1877 aspicite
674 1822 752 1877 (et,
784 1823 820 1863 si
849 1823 979 1864 vitam
1007 1825 1170 1877 puriter
1199 1824 1288 1879 egi,

196 1877 360 1931 Eripite
389 1878 500 1920 hanc
528 1880 690 1933 pestem
719 1878 1030 1933 perniciemque
1059 1879 1203 1933 mihi),
1373 1888 1417 1920 20

141 1933 195 1975 Ei
224 1933 328 1974 mihi
358 1947 579 1988 surrepens
608 1934 716 1974 imos
745 1936 793 1974 ut
821 1937 967 1988 torpor
996 1935 1042 1975 in
1073 1937 1186 1976 artus

196 1988 373 2043 Expulit
402 2003 452 2030 ex
482 1989 598 2030 omni
626 1991 796 2042 pectore
826 1989 1021 2031 laetitias.

141 2044 242 2086 Non
270 2045 354 2085 iam
383 2045 489 2086 illud
519 2059 695 2099 quaero,
726 2047 872 2086 contra
900 2060 967 2086 me
996 2047 1044 2086 ut
1073 2045 1222 2101 diligat
1250 2046 1343 2098 1110,

198 2100 305 2154 Aut,
335 2100 447 2154 quod
476 2114 564 2141 non
592 2100 802 2154 potisest,
834 2114 924 2142 esse
954 2101 1107 2155 pudica
1135 2102 1256 2143 velit:

142 2154 238 2209 Ipse
254 2156 392 2196 valere
414 2159 513 2210 opto
533 2158 575 2197 et
593 2157 774 2197 taetrum
794 2156 906 2197 hunc
923 2156 1130 2211 deponere
1145 2157 1350 2199 morbum.
1373 2165 1415 2197 25

200 2210 235 2252 Ο
266 2211 327 2265 di,
358 2211 518 2253 reddite
547 2211 606 2253 mi
635 2211 717 2253 hoc
745 2225 821 2265 pro
852 2212 1007 2266 pietate
1036 2227 1141 2255 mea.

211 2334 378 2362 cimmo.
1197 2339 1217 2369 5
