1574 2692
86 181 262 229 LXVIII]
639 181 790 218 LIBER.
1299 177 1350 219 51

23 309 31 317 ·
87 288 240 330 Omnia
268 290 406 330 tecum
435 303 518 330 una
547 288 760 342 perierunt
788 288 942 342 gaudia
968 290 1132 342 nostra,

143 343 258 392 Quae
286 346 380 385 tuos
410 345 455 384 in
483 344 569 384 vita
599 343 731 384 dulcis
762 343 901 384 alebat
930 357 1056 384 amor.

88 398 214 441 Cuius
245 413 324 453 ego
353 399 526 440 interitu
554 401 644 439 tota
673 398 722 439 de
752 400 891 439 mente
921 398 1063 452 fugavi
1311 405 1351 436 25

142 453 258 495 Haec
288 454 426 495 studia
456 456 578 507 atque
609 454 744 494 omnis
775 454 944 495 delicias
974 453 1115 495 animi.

88 508 244 562 Quare,
277 509 387 562 quod
417 509 564 550 scribis
594 508 787 550 Veronae
816 511 937 563 turpe
969 508 1134 550 Catullo

142 564 268 618 Esse,
300 564 411 618 quod
440 564 508 605 hic
539 564 673 618 quivis
704 564 754 605 de
784 565 955 605 meliore
985 567 1086 605 nota

86 618 258 673 Frigida
286 620 449 660 deserto
479 619 705 673 tepefactet
733 620 921 660 membra
950 620 1097 672 cubili,

142 674 210 728 Id,
240 674 374 728 Mani,
405 689 492 716 non
522 677 585 716 est
613 677 752 729 turpe,
783 675 919 729 magis
948 675 1199 716 miserumst.
1312 682 1357 713 39,

87 728 288 784 Ignosces
318 730 466 785 igitur,
498 731 552 783 si,
585 745 688 783 quae
718 730 823 771 mihi
852 731 988 771 luctus
1019 730 1193 783 ademit,

143 784 259 827 Haec
288 786 367 826 tibi
395 800 482 826 non
512 786 649 826 tribuo
680 800 874 838 munera,
907 800 1000 827 cum
1029 800 1204 839 nequeo.

87 840 210 894 Nam,
228 841 339 895 quod
359 842 609 894 scriptorum
629 855 716 882 non
736 843 930 896 magnast
946 841 1066 894 copia
1080 841 1189 894 apud
1204 855 1282 894 me,

143 895 238 937 Hoc
266 897 334 949 fit,
366 896 476 950 quod
506 896 663 937 Romae
693 897 890 938 vivimus:
920 897 992 937 illa
1022 896 1189 950 domus,

89 950 168 992 Illa
196 951 300 992 mihi
330 952 468 1004 sedes,
500 952 586 992 illic
615 967 708 992 mea
739 953 922 1006 carpitur
951 954 1082 993 aetas:
1314 959 1353 990 35

145 1006 239 1048 Huc
268 1021 352 1048 una
380 1021 430 1048 ex
459 1008 601 1048 multis
633 1008 803 1061 capsula
831 1022 897 1048 me
928 1008 1125 1061 sequitur.

90 1061 211 1111 Quod
241 1076 335 1104 cum
364 1063 423 1104 ita
452 1063 524 1116 sit,
563 1063 696 1104 nolim
727 1065 884 1104 statuas
914 1077 991 1104 nos
1020 1065 1160 1104 mente
1191 1076 1275 1103 ma·

890 1118 919 1159 li
952 1132 1009 1159 na

146 1173 194 1214 Id
224 1174 359 1215 facere
390 1176 462 1215 aut
491 1174 630 1215 animo
660 1188 747 1215 non
777 1174 880 1215 satis
910 1133 1115 1228 iilgenuo,

91 1228 211 1278 Quod
242 1230 319 1270 tibi
347 1243 435 1270 non
465 1229 681 1283 utriusque
710 1230 870 1283 petenti
901 1230 1021 1283 copia
1049 1229 1219 1270 factast:

146 1284 267 1326 Vltro
298 1299 377 1339 ego
408 1285 631 1339 deferrem,
663 1285 783 1339 copia
813 1285 931 1339 siqua
960 1285 1079 1326 foret.
1317 1293 1357 1323 m

90 1339 190 1381 Non
217 1354 388 1394 possum
417 1340 610 1394 reticere,
641 1340 760 1393 deae,
791 1355 874 1394 qua
904 1355 970 1382 me
991 1340 1129 1382 Allius
1159 1340 1204 1381 in
1232 1354 1276 1381 re

146 1395 304 1437 Iuverit
333 1398 404 1436 aut
432 1396 598 1449 quantis
628 1396 780 1437 iuverit
808 1396 979 1437 officiis:

90 1450 182 1493 Nec
210 1451 376 1506 fugiens
407 1452 554 1492 saeclis
586 1451 928 1492 obliviscentibus
958 1454 1072 1493 aetas

147 1506 264 1547 Illius
294 1505 375 1548 hoc
405 1521 526 1548 caeca
554 1511 678 1548 nocte
707 1509 825 1562 tegat
853 1506 1057 1549 studium:

93 1561 175 1604 Sed
205 1562 340 1603 dicam
371 1562 507 1615 vobis,
538 1576 612 1603 vos
642 1576 766 1616 porro
798 1563 922 1604 dicite
952 1563 1095 1604 multis
1318 1571 1359 1602 43

147 1617 318 1658 Milibus
349 1619 391 1659 et
418 1617 543 1659 facite
573 1617 676 1659 haec
706 1617 851 1659 charta
880 1619 1073 1672 loquatur
1103 1633 1207 1659 anus

147 1728 431 1782 Notescatque
460 1729 595 1784 magis
625 1731 812 1770 mortuos
843 1732 967 1783 atque
996 1730 1151 1784 magis,

92 1784 183 1827 Nec
210 1786 378 1825 tenuem
407 1786 552 1825 texens
582 1785 771 1826 sublimis
801 1799 952 1826 aranea
980 1786 1107 1826 telam

147 1839 199 1881 In
227 1839 391 1881 deserto
421 1840 509 1881 Alli
538 1841 708 1881 nomine
740 1855 845 1894 opus
874 1840 1013 1881 faciat.
1318 1849 1359 1880 58

92 1895 221 1948 Nam,
242 1894 346 1936 mihi
367 1910 490 1949 quam
511 1895 671 1937 dederit
691 1896 843 1950 duplex
862 1895 1112 1937 Amathusia
1132 1910 1293 1950 curam,

149 1950 294 2004 Scitis,
327 1953 368 1992 et
397 1951 441 1992 in
471 1965 552 2004 quo
583 1966 649 1992 me
680 1952 884 1993 corruerit
912 1966 1086 2006 genere,

94 2006 199 2049 Cum
227 2007 392 2047 tantum
421 2006 608 2047 arderem
639 2009 840 2061 quantum
869 2006 1085 2048 Trinacria
1113 2021 1238 2061 rupes

149 2061 423 2116 Lymphaque
452 2062 497 2103 in
528 2062 694 2103 Oetaeis
724 2062 854 2103 Malia
882 2062 1198 2116 Thermopylis,

94 2117 253 2158 Maesta
281 2131 416 2170 neque
447 2117 620 2159 adsiduo
650 2118 861 2159 tabescere
892 2118 1051 2158 lumina
1079 2118 1181 2158 fletu
1321 2125 1362 2157 55

150 2172 374 2214 Cessarent
402 2173 593 2226 tristique
622 2173 755 2214 imbre
784 2173 950 2214 madere
979 2188 1124 2227 genae.

94 2227 237 2277 Qualis
265 2227 311 2268 in
340 2228 441 2269 aerii
468 2228 688 2282 perlucens
719 2229 872 2270 vertice
902 2229 1059 2270 montis

148 2283 278 2324 Rivos
306 2297 499 2325 muscoso
529 2284 696 2338 prosilit
726 2299 748 2325 e
777 2284 934 2338 lapide,

95 2337 175 2387 Qui
205 2352 299 2380 cum
329 2338 380 2380 de
408 2352 543 2393 prona
570 2354 770 2394 praeceps
801 2342 864 2381 est
892 2340 999 2381 valle
1029 2340 1215 2394 volutus,
