1601 2697
99 24 327 69 XXXXVH]
657 23 809 58 LIBER.

208 130 367 171 Dextra
397 130 574 171 sternuit
604 129 958 183 adprobationem.

208 187 268 226 At
296 186 426 226 Acme
456 185 604 225 leviter
634 186 759 238 caput
787 185 1004 226 reflectens

207 240 264 281 Et
294 240 425 281 dulcis
455 240 572 293 pueri
603 239 739 280 ebrios
770 240 925 280 ocellos

208 294 288 336 Illo
318 308 525 348 purpureo
557 308 627 335 ore
658 294 816 335 saviata

210 349 324 391 ‘Sic’
353 350 490 403 inquit
520 353 635 390 ‘mea
663 350 750 390 vita
780 349 1046 404 Septumille,

207 403 317 445 Huic
346 406 418 445 uni
451 405 619 446 domino
649 419 779 458 usque
810 405 1056 459 serviamus,

206 459 266 500 Vt
292 461 424 500 multo
454 459 558 500 mihi
587 460 719 507 maior
749 460 962 514 acriorque

206 513 325 569 Ignis
356 515 552 556 mollibus
584 515 702 556 ardet
730 515 775 556 in
804 515 1027 556 medullis.'

204 569 298 610 Hoc
327 572 375 611 ut
404 570 528 622 dixit,
562 571 713 623 Amor,
745 571 914 611 sinistra
943 573 990 611 ut
1020 573 1137 625 ante,

207 623 365 665 Dextra
395 626 573 666 sternuit
602 626 959 679 adprobationem.

205 679 331 721 Nunc
361 681 412 721 ab
443 681 627 734 auspicio
658 681 769 722 bono
800 681 977 734 profecti

204 734 362 776 Mutuis
394 736 544 776 animis
576 738 718 776 amant
747 738 950 777 amantur.

204 789 344 831 Vnam
374 790 612 844 Septumius
642 791 826 832 misellus
856 792 1017 833 Acmen

203 845 365 886 Mavolt
396 860 520 899 quam
551 846 691 899 Syrias
721 846 1064 900 Britanniasque:

204 899 301 941 Vno
331 901 376 941 in
408 901 623 955 Septumio
654 901 787 942 fidelis
818 902 948 943 Acme

206 954 325 996 Facit
355 956 523 997 delicias
556 957 844 1010 libidinesque.

205 1011 306 1059 Quis
337 1011 444 1052 ullos
475 1012 667 1053 homines
697 1012 903 1053 beatiores

205 1064 343 1119 Vidit,
376 1067 467 1120 quis
499 1067 705 1108 Venerem
736 1068 1085 1121 auspicatiorem‘?

591 1207 852 1254 XXXXVI.

202 1286 292 1328 Iam
321 1301 393 1329 ver
423 1287 609 1341 egelidos
639 1288 768 1328 refert
795 1289 984 1342 tepores,

201 1341 290 1383 Iam
321 1343 426 1383 caeli
456 1343 572 1383 furor
602 1343 917 1396 aequinoctialis

202 1397 398 1438 Iocundis
430 1397 610 1451 Zephyri
641 1398 798 1439 silescit
828 1399 975 1439 aureis.

200 1452 462 1507 Linquantur
492 1452 685 1508 Phrygii,
718 1452 900 1507 Catulle,
932 1455 1069 1508 campi

113 1532 116 1535 ·
200 1507 463 1562 Nicaeaeque
494 1523 593 1562 ager
622 1508 725 1549 uber
755 1510 989 1550 aestuosae:

200 1563 268 1604 Ad
299 1564 430 1605 claras
459 1564 586 1605 Asiae
616 1564 802 1605 volemus
831 1564 967 1605 urbes,

201 1617 292 1659 Iam
322 1633 441 1660 mens
471 1619 787 1672 praetrepidans
818 1621 912 1660 avet
940 1620 1102 1674 vagari,

201 1672 291 1714 Iam
321 1674 421 1715 laeti
451 1675 589 1716 studio
620 1674 746 1728 pedes
777 1675 1009 1729 vigescunt.

202 1728 237 1769 O
269 1728 410 1770 dulces
441 1730 642 1771 comitum
672 1730 806 1771 valete
837 1732 998 1782 coetus,

199 1783 345 1839 Longe
377 1798 480 1838 quos
510 1785 634 1825 simul
663 1799 688 1825 a
718 1785 841 1826 domo
871 1785 1083 1839 profectos

200 1837 402 1880 Diversae
432 1840 568 1881 variae
598 1840 689 1881 viae
719 1842 946 1894 reportant.

579 1948 862 2027 XXXXVH.

199 2059 323 2101 Porci
354 2062 396 2102 et
426 2059 663 2114 Socration,
696 2061 799 2102 duae
830 2061 1023 2102 sinistrae

199 2115 386 2169 Pisonis,
418 2116 579 2157 scabies
609 2116 823 2169 famesque
853 2117 997 2157 mundi

199 2169 288 2212 Vos
318 2170 546 2212 Veraniolo
576 2185 669 2212 meo
701 2173 743 2212 et
771 2171 946 2213 Fabullo

1315 22 1370 63 23

1328 194 1370 226 10

1327 470 1367 502 15

1324 746 1368 778 20

1321 1794 1364 1825 10
