1601 2697
232 261 281 300 lt>

766 259 968 294 CATVLLI
1346 254 1508 304 [XXXV-

343 368 464 410 Comi
493 367 659 408 moenia
688 366 939 420 Lariumque
969 366 1088 407 litus:

343 424 455 465 Nam
486 423 685 477 quasdam
715 423 810 463 volo
843 422 1120 476 cogitationes

342 479 481 519 Amici
512 478 691 532 accipiat
721 478 783 518 sui
814 478 989 530 meique.

342 534 498 587 Quare,
530 534 565 574 si
597 534 750 587 sapiet,
783 534 891 573 viam
921 533 1105 585 vorabit,

343 590 540 638 Quamvis
572 588 748 630 candida
778 588 914 628 milies
944 588 1085 641 puella

341 645 524 686 Euntem
553 647 720 685 revocet
748 657 979 697 manusque
1010 643 1118 683 collo

232 711 273 741 10
338 701 499 741 Ambas
530 700 706 741 iniciens
737 702 859 753 roget
888 699 1063 751 morari,
1093 720 1096 721 ν

341 757 458 804 Quae
488 769 618 808 nunc,
651 755 686 795 si
716 755 820 795 mihi
850 768 948 795 vera
976 754 1250 804 nuntiantur,

342 811 468 853 Illum
499 811 660 864 deperit
689 811 905 864 inpotente
937 823 1094 850 amore:

341 867 454 909 Nam
486 880 567 920 quo
598 868 786 919 tempore
816 865 920 919 legit
949 864 1190 905 incohatam

343 922 547 975 Dindymi
577 921 810 973 dominam,
843 935 892 961 ex
922 934 970 960 eo
1001 920 1189 960 misellae

233 988 273 1018 15
339 978 465 1033 Ignes
496 977 741 1018 interiorem
772 976 900 1017 edunt
928 975 1166 1016 medullam.

241 1854 284 1885 10

244 2131 285 2163 15

243 2409 286 2440 20

343 1034 525 1088 Ignosco
556 1032 652 1085 tibi,
686 1031 895 1085 Sapphica
924 1031 1064 1084 puella

344 1089 468 1130 Musa
497 1088 679 1129 doctior:
712 1090 775 1128 est
805 1087 916 1128 enim
946 1088 1120 1127 venuste

346 1145 503 1199 Magna
535 1143 718 1185 Caecilio
750 1143 946 1184 incohata
976 1144 1122 1183 mater.

759 1267 975 1314 XXXVI.

345 1345 534 1385 Annales
565 1343 735 1396 Volusi,
768 1344 910 1384 cacata
940 1342 1101 1395 charta,

346 1400 505 1441 Votum
536 1399 684 1440 solvite
715 1413 790 1452 pro
821 1413 914 1439 mea
942 1398 1101 1452 puella:

346 1455 458 1497 Nam
488 1457 658 1496 sanctae
687 1454 844 1496 Veneri
874 1453 1154 1507 Cupidinique

347 1511 496 1564 Vovit,
529 1511 564 1551 si
596 1510 675 1551 sibi
706 1510 924 1550 restitutus
956 1523 1090 1550 essem

349 1566 646 1619 Desissemque
675 1568 814 1606 truces
844 1565 1009 1606 vibrare
1039 1564 1222 1617 iambos,

347 1622 616 1663 Electissima
645 1622 815 1675 pessimi
846 1623 993 1674 poetae

351 1678 517 1731 Scripta
545 1676 753 1730 tardipedi
784 1677 860 1717 deo
893 1676 1083 1716 daturam

349 1733 597 1774 Infelicibus
627 1732 853 1773 ustulanda
883 1732 1023 1786 lignis.

349 1789 407 1829 Et
435 1789 539 1830 haec
568 1788 751 1842 pessima
781 1802 824 1828 se
854 1788 995 1841 puella
1024 1786 1128 1827 vidit

352 1844 498 1885 Iocose
528 1844 664 1897 lepide
695 1857 844 1884 vovere
875 1843 994 1883 divis.

350 1900 496 1953 Nunc,
529 1914 552 1940 o
585 1899 775 1940 caeruleo
807 1900 945 1940 creata
975 1900 1126 1952 ponto,

352 1955 466 2003 Quae
498 1957 689 1996 sanctum
720 1954 899 1994 Idalium
929 1953 1054 1995 Vrios
1086 1968 1136 1994 ue
1166 1955 1311 2007 portus

353 2011 548 2064 Quaeque
578 2011 758 2050 Ancona
789 1968 1407 2063 Cnidumqueqharundinosam

354 2066 468 2107 Colis
500 2080 687 2120 quaeque
717 2065 980 2106 Amathunta
1010 2079 1196 2119 quaeque
1227 2064 1386 2119 Golgos

355 2122 551 2175 Quaeque
581 2120 861 2162 Duriachium
891 2121 1046 2162 Adriae
1076 2121 1315 2174 tabernam,

353 2178 587 2231 Acceptum
615 2178 706 2218 face
736 2177 1026 2230 redditumque
1056 2178 1219 2229 votum,

355 2232 399 2274 Si
428 2247 515 2273 non
546 2232 778 2286 inlepidum
807 2246 942 2285 neque
972 2232 1295 2272 invenustumst.

353 2289 414 2329 At
442 2303 516 2329 vos
546 2289 707 2351 interea
736 2288 874 2328 Venite
904 2303 950 2328 111
980 2288 1142 2342 ignem,

353 2343 474 2385 Pleni
504 2344 611 2384 ruris
642 2346 684 2384 et
712 2343 987 2384 inficetiarum

353 2400 541 2441 Annales
571 2399 740 2453 Volusi,
773 2401 915 2440 cacata
947 2398 1104 2440 charta.
