1601 2697
227 127 281 170 26

228 2132 269 2162 10

228 2297 269 2328 13

762 129 965 167 CATVLM
1393 131 1503 177 [Lm.

802 239 925 286 LH1.

398 320 488 362 Risi
517 320 785 374 nescioquem
815 319 940 360 modo
972 333 993 360 e
1025 333 1196 373 corona,

395 376 494 430 Qui,
526 390 620 417 cum
649 376 823 416 mirifice
854 375 1082 416 Vatiniana

393 431 513 473 Meus
545 431 720 472 crimina
750 430 900 472 Calvos
931 430 1197 484 explicasset,

394 486 621 528 Admirans
652 487 710 527 ait
738 486 841 527 haec
869 500 1099 539 manusque
1128 486 1302 541 tollens,

396 542 474 583 ‘Di
503 542 666 596 magni,
699 541 951 595 salaputium
982 541 1225 582 disertuml’

788 699 935 746 LHII.

349 790 352 791 ⁷
396 780 576 823 Othonis
608 782 732 834 caput
762 779 960 833 oppidost
989 779 1188 834 pusillum

660 854 677 876 *
820 852 841 876 *
982 853 1003 875 *

393 892 497 933 Neri
525 892 682 933 rustica
712 891 929 932 semilauta
960 904 1097 944 crura,

395 947 556 989 Subtile
588 949 629 988 et
658 947 746 987 leve
776 946 962 1000 peditum
994 946 1180 988 Libonis.

659 1019 680 1043 *
822 1019 843 1042 »κ
985 1018 1006 1042 ao<

395 1058 440 1100 Si
469 1072 557 1099 non
588 1058 730 1098 omnia
760 1057 979 1110 displicere
1009 1057 1160 1098 vellem

395 1114 491 1155 Tibi
521 1116 563 1155 et
591 1113 750 1155 Fuficio
783 1113 872 1153 seni
902 1114 1065 1154 recocte

775 1259 909 1306 LIHI
920 1258 950 1306 ¹³.

394 1342 578 1383 Irascere
609 1341 760 1381 iterum
789 1340 893 1380 meis
924 1339 1073 1381 iambis

396 1397 727 1449 Inmerentibus,
758 1396 879 1437 unice
909 1396 1150 1449 imperator.

818 1543 915 1590 LV.

397 1623 597 1677 Oramus,
629 1624 664 1665 si
694 1624 802 1665 forte
832 1637 920 1664 non
949 1623 1233 1677 molestumst‚

397 1680 662 1733 Demostres,
692 1679 766 1720 ubi
797 1679 881 1720 sint
910 1680 1006 1720 tuae
1035 1679 1244 1721 tenebrae.

395 1735 454 1776 Te
486 1749 631 1798 campo
663 1735 943 1788 quaesivimus
973 1735 1155 1788 minore,

394 1790 452 1832 Te
482 1791 527 1831 in
558 1791 689 1843 circo,
719 1793 761 1831 te
791 1790 835 1831 in
866 1790 1059 1831 omnibus
1090 1767 1263 1844 libellis,

393 1846 451 1887 Te
482 1847 527 1887 in
555 1846 714 1900 templo
746 1846 898 1886 summi
928 1845 1040 1886 Iovis
1071 1848 1246 1887 sacrato.

395 1901 446 1942 In
476 1901 623 1956 Magni
654 1901 779 1942 simul
809 1901 1093 1942 ambulatione

393 1936 599 1998 Femellas
631 1971 796 2011 omnes,
829 1957 980 2010 amice,
1011 1956 1178 2011 prendi,

396 2011 508 2060 Quas
539 2013 657 2053 vultu
686 2013 772 2053 vidi
801 2015 944 2053 tamen
974 2026 1152 2053 serenas.

393 2068 453 2120 A,
484 2068 551 2109 vel
580 2070 621 2108 te
653 2068 712 2108 sic
741 2068 831 2122 ipse
860 2068 1122 2122 flagitabam,

394 2122 655 2164 ‘Camerium
686 2123 810 2177 mihi,
842 2123 1048 2177 pessimae
1078 2123 1270 2177 puellae?

395 2177 608 2226 Quaedam
638 2179 794 2233 inquit,
826 2178 985 2219 nudum
1015 2179 1153 2220 sinum
1182 2179 1404 2233 reducens,

397 2233 489 2274 ‘En
514 2233 608 2275 heic
638 2234 683 2275 in
712 2234 843 2275 roseis
874 2234 978 2274 latet
1006 2234 1203 2287 papillis.’

393 2288 475 2330 Sed
504 2291 545 2331 te
578 2290 662 2330 iam
692 2290 799 2331 ferre
830 2289 1027 2330 Herculei
1057 2289 1173 2330 labos
1205 2290 1278 2330 est.
