1574 2692
220 232 275 274 60
757 234 959 270 CATVLLI
1323 234 1501 280 [LXVIII.
1552 229 1574 259 ’··’

362 342 571 398 Fulgebat
602 343 771 384 crocina
802 342 1002 384 candidus
1033 343 1078 383 in
1108 343 1262 384 tunica.

225 407 288 438 135
305 398 419 447 Quae
449 402 591 440 tamen
622 400 699 440 etsi
729 413 813 439 uno
844 412 930 439 non
963 402 1025 439 est
1056 401 1254 439 contenta
1284 396 1472 450 Catullo,

363 454 475 495 Rara
503 453 760 495 verecundae
791 454 903 495 furta
931 454 1112 495 feremus
1144 468 1256 506 01·,30

307 509 373 550 Νο
402 510 580 550 nimium
611 510 740 550 simus
773 510 997 550 stultorum
1027 524 1142 550 more
1173 486 1354 549 molesti.

366 564 498 618 Saepe
529 565 654 606 etiam
683 564 1024 618 Ι11110,1113Χ11113
1055 565 1318 617 caelicolum,

311 620 512 675 Coniugis
542 621 588 661 in
619 620 741 673 culpa
770 621 1020 675 fiagrantem
1052 620 1309 673 conquoquit
1337 620 1464 672 iram,

228 685 291 715 140
362 655 554 716 Noscens
586 676 789 716 omnivoli
819 677 999 730 plurima
1028 677 1139 717 furta
1168 675 1293 716 Iovis.

288 732 467 784 Atquei
496 746 574 772 nec
606 731 711 771 divis
741 730 934 772 homines
965 732 1194 785 conponier
1225 732 1464 784 aequomst,

313 865 1311 875 ···············

367 897 588 952 Ingratum
616 898 785 939 tremuli
815 898 917 939 tolle
947 899 1132 952 parentis
1164 912 1282 938 onus.

311 952 403 995 Nec
431 956 575 995 tamen
605 954 678 994 illa
706 953 811 994 mihi
842 953 987 995 dextra
1017 954 1192 994 deducta
1222 957 1397 1007 paterna

369 1009 647 1064 Fragrantem
676 1010 852 1063 Assyrio
884 1010 1001 1050 venit
1031 1010 1159 1051 odore
1190 1009 1380 1062 domum,

232 1073 294 1105 145
314 1064 394 1106 Sed
424 1065 579 1106 furtiva
609 1065 724 1106 dedit
753 1068 869 1106 1111113
898 1065 1148 1106 111111111801113
1176 1067 1320 1118 nocte,

369 1120 508 1175 Ipsius
540 1136 589 1161 ex
620 1121 711 1174 ipso
743 1121 912 1174 dempta
941 1121 1020 1162 viri
1050 1121 1224 1175 gremio.

316 1177 452 1225 Quare
483 1176 587 1217 illud
618 1177 719 1217 83118
751 1179 832 1228 est,
865 1177 900 1216 si
930 1177 1052 1217 nobis
1083 1177 1118 1217 is
1150 1177 1270 1217 datur
1299 1176 1415 1230 unis,

373 1232 505 1281 Quem
535 1232 673 1286 lapide
703 1233 776 1273 illa
807 1232 916 1273 diem
948 1232 1188 1273 candidiore
1218 1235 1352 1273 notat.

316 1287 411 1329 Hoc
441 1288 540 1341 tibi,
573 1302 653 1341 qua
683 1288 821 1341 potui,
854 1289 1093 1329 confectum
1125 1289 1308 1329 carmine
1338 1300 1491 1328 munus

184 1387 186 1390 ,
234 1352 298 1383 150
369 1343 451 1384 Pro
481 1343 647 1396 multis,
678 1344 786 1397 Alli,
818 1344 1005 1384 redditur
1035 1344 1206 1397 officiis,

316 1398 382 1440 Ne
412 1402 602 1440 vostrum
632 1400 779 1440 scabra
806 1402 957 1454 tangat
985 1399 1180 1454 rubigine
1210 1413 1367 1440 nomen

373 1454 490 1496 Haec
520 1458 643 1509 atque
673 1455 746 1496 illa
776 1455 863 1496 dies
895 1458 1017 1509 atque
1048 1456 1127 1495 alia
1158 1457 1280 1509 atque
1311 1454 1402 1495 alia.

317 1509 412 1552 Huc
434 1511 589 1551 addent
609 1511 693 1551 divi
715 1525 838 1564 quam
859 1511 1059 1564 plurima,
1091 1525 1195 1565 quae
1217 1510 1386 1552 Themis
1408 1509 1510 1551 olim

345 1567 545 1620 Antiquis
576 1567 742 1607 solitast
770 1581 946 1607 munera
974 1568 1083 1608 ferre
1112 1567 1213 1620 piis:

237 1630 299 1661 155
319 1621 419 1663 Sitis
449 1622 593 1663 felices
625 1625 668 1663 et
695 1625 742 1663 tu
773 1623 897 1663 81111111
929 1626 970 1664 01
998 1626 1072 1663 1113
1100 1623 1186 1663 vita

373 1678 431 1719 Et
461 1678 628 1731 domus7
659 1678 741 1732 ipsi
770 1678 815 1719 in
845 1692 926 1732 qua
955 1679 1130 1719 lusimus
1161 1681 1203 1719 et
1232 1677 1419 1731 domina,

317 1733 376 1774 Et
406 1733 476 1788 qui
505 1733 714 1787 principio
745 1734 868 1775 nobis
898 1739 940 1775 te
969 1734 1143 1774 tradidit
1171 1734 1328 1786 Anser,

376 1790 415 1830 A
446 1803 527 1843 quo
559 1793 658 1830 sunt
686 1790 821 1843 primo
852 1790 910 1830 mi
941 1790 1082 1831 omnia
1110 1793 1211 1830 nata
1241 1789 1363 1830 bona.

318 1844 376 1886 Et
405 1845 532 1899 longe
563 1848 660 1886 ante
691 1860 835 1886 01111108
866 1845 971 1886 1111111
992 1860 1095 1899 quae
1115 1860 1182 1887 me
1203 1845 1338 1886 carior
1357 1845 1512 1899 ipsost,

239 1909 302 1940 160
372 1900 463 1942 Lux
492 1915 603 1954 mea,
635 1915 716 1955 qua
745 1902 839 1942 viva
868 1902 1007 1942 vivere
1039 1901 1157 1942 dulce
1187 1900 1343 1941 mihist.

752 2043 988 2090 LXVIIII.

318 2123 421 2166 Noli
452 2125 667 2177 admirari,
699 2139 825 2178 quare
855 2125 932 2165 tibi
963 2125 1120 2166 femina
1149 2124 1284 2177 nulla,

377 2180 506 2234 Rufe,
537 2181 639 2221 velit
668 2183 859 2221 tenerum
891 2181 1158 2234 supposuisse
1189 2180 1344 2232 femur,

320 2235 421 2277 Non
451 2237 487 2277 81
516 2237 632 2277 1113111
663 2250 780 2276 13130
816 2236 1042 2277 labefactes
1072 2250 1244 2276 munere
1274 2234 1401 2277 vestis

378 2293 465 2332 Aut
493 2292 742 2345 perluciduli
773 2291 932 2332 deliciis
963 2292 1125 2345 lapidis.

278 2357 298 2387 5
319 2347 468 2389 Laedit
497 2351 539 2388 10
571 2347 773 2401 quaedam
803 2347 914 2388 mala
942 2347 1104 2400 fabula,
1136 2361 1217 2401 qua
1246 2347 1325 2388 tibi
1355 2346 1488 2387 fertur

377 2403 499 2445 Valle
530 2403 607 2444 sub
638 2404 797 2444 alarum
827 2405 923 2444 trux
953 2402 1143 2444 habit-are
1174 2417 1310 2457 caper.

1540 0 1574 149 l}

1559 156 1574 179 ν.

1549 181 1574 222 „tl

1554 244 1574 383 ξ
