1601 2697
65 52 155 98 1111]

616 52 768 87 LIBER.
1281 46 1335 87 25

232 157 292 200 Vt
318 159 458 200 tecum
487 158 696 212 loquerer,
728 157 932 212 simulque
961 159 1008 198 ut
1038 170 1184 199 essem.

231 215 292 254 At
321 214 482 254 defessa
510 214 653 254 labore
682 213 869 254 membra
896 214 1120 266 postquam

233 268 512 310 Semimortua
540 268 695 309 lectulo
725 268 935 321 iacebant,
1294 274 1334 306 15

231 323 344 377 Hoc,
375 323 574 376 iocunde,
604 323 683 364 tibi
711 338 863 377 poema
890 323 991 376 feci,

231 378 297 419 Ex
326 392 407 432 quo
437 379 695 432 perspiceres
724 393 863 419 meum
893 378 1092 419 dolorem.

230 433 356 475 Nunc
385 433 518 474 audax
548 447 646 474 cave
677 433 752 486 sis,
783 447 1008 488 precesque
1037 433 1223 486 nostras,

234 487 431 542 Oramus,
465 503 562 529 cave
593 488 789 542 despuas,
821 489 970 542 ocelle,

231 543 296 584 Ne
325 557 483 597 poenas
512 543 704 585 Nemesis
733 546 928 598 reposcat
956 558 980 584 a
1009 545 1062 584 te.
1292 550 1336 581 20

231 598 311 639 Est
338 613 508 640 vemens
539 599 633 639 dea:
665 599 828 640 laedere
856 599 965 640 hanc
997 599 1153 639 caveto.

656 740 732 787 LI.

231 814 309 855 Ille
338 814 396 854 mi
426 828 501 867 par
532 828 621 856 esse
651 815 728 855 deo
758 814 942 868 videtur,

233 869 331 923 Ille,
363 869 399 910 si
427 870 492 910 fas
523 872 603 923 est,
635 884 829 923 superare
860 869 998 923 divos,

234 924 314 973 Qui
345 924 492 965 sedens
522 925 717 966 adversus
748 925 975 966 identidem
1005 927 1046 965 te

361 979 532 1033 Spectat
562 982 604 1021 et
632 981 747 1021 audit

232 1034 366 1076 Dulce
395 1035 621 1089 ridentem,
652 1036 803 1076 misero
834 1035 945 1089 quod
976 1034 1113 1076 omnis
1315 1040 1335 1072 5

232 1090 373 1144 Eripit
402 1104 548 1131 sensus
578 1090 700 1131 mihi:
732 1105 829 1131 nam
859 1091 984 1131 simul
1012 1093 1073 1142 te,

233 1145 404 1199 Lesbia,
436 1146 599 1199 aspexi,
629 1146 736 1186 nihil
766 1148 829 1186 est
859 1159 982 1199 super
1011 1146 1069 1185 mi

232 1256 398 1311 Lingua
427 1256 498 1297 sed
527 1258 689 1310 torpet,
719 1257 858 1297 tenuis
889 1256 965 1297 sub
996 1258 1109 1296 artus

232 1311 424 1353 Flamma
453 1312 665 1365 demanat,
698 1312 838 1352 sonitu
869 1313 1017 1364 suopte
1298 1319 1339 1349 10

235 1366 457 1408 Tintinant
486 1381 603 1408 aures
633 1367 841 1421 geminae,
870 1368 1072 1421 teguntur

362 1421 541 1463 Lumina
569 1425 703 1463 nocte.

648 1557 752 1605 LIb.

239 1632 399 1687 Otium,
432 1632 615 1687 Catulle,
645 1633 724 1674 tibi
753 1632 1035 1674 molestumst:

239 1688 336 1729 Otio
368 1689 528 1729 exultas
557 1689 815 1742 nimiumque
845 1688 989 1742 gestis.

239 1743 382 1785 Otium
412 1746 454 1784 et
480 1758 600 1799 reges
630 1745 745 1798 prius
776 1746 818 1784 et
845 1744 987 1784 beatas
1301 1749 1340 1780 15

365 1798 553 1840 Perdidit
580 1800 716 1840 urbes.

655 1935 756 1982 LII.

239 2009 349 2059 Quid
379 2012 462 2064 est,
494 2009 686 2052 Catulle?
719 2009 817 2063 quid
846 2009 1020 2050 moraris
1051 2009 1209 2050 emori?

240 2065 352 2107 Sella
379 2065 425 2106 in
454 2065 585 2107 curuli
616 2068 773 2106 struma
801 2064 966 2106 Nonius
997 2064 1132 2119 sedet,

238 2120 319 2162 Per
350 2121 611 2162 consulatum
639 2121 800 2174 peierat
828 2119 1046 2162 Vatinius:

240 2175 350 2224 Quid
380 2179 461 2230 est,
494 2176 685 2218 Catulle?
717 2175 816 2230 quid
845 2176 1022 2217 moraris
1053 2175 1211 2216 emori?
