1601 2697
201 80 258 120 44
743 80 944 118 CATVLLI
1321 81 1479 126 [ann.

345 187 510 230 ‘Sicine
540 201 607 228 me
637 187 785 241 patriis
817 189 1024 240 avectam,
1055 187 1231 241 perfide,
1263 187 1315 228 ab
1346 187 1453 242 oris,

287 243 468 297 Perfide,
501 243 664 284 deserto
695 243 857 296 liquisti
886 243 931 283 in
960 243 1102 296 litore,
1133 242 1325 284 Theseu?

289 299 428 340 Sicine
458 298 675 339 discedens
704 298 899 352 neglecto
929 298 1100 339 numine
1131 298 1271 338 divom

207 363 268 394 135
286 354 498 395 Inmemor
529 368 571 407 a,
602 354 752 394 devota
782 353 952 394 domum
981 354 1164 407 periuria
1192 353 1367 407 portas?

287 409 471 451 Nullane
501 423 567 449 res
597 409 736 462 potuit
766 409 944 449 crudelis
974 409 1139 449 flectere
1169 410 1322 450 mentis

290 464 554 506 Consilium?
585 464 663 504 tibi
693 464 809 504 nulla
838 464 919 504 fuit
949 464 1170 505 clementia
1199 466 1387 518 praesto,

287 519 442 560 Inmite
472 522 520 560 ut
547 519 681 560 nostri
712 520 839 559 vellet
867 519 1134 559 miserescere
1164 520 1339 573 pectus?

287 575 349 615 At
376 589 464 616 11011
492 574 596 615 haec
626 574 837 628 quondam
866 575 989 614 nobis
1019 575 1225 628 promissa
1254 575 1425 627 dedisti,

207 639 270 670 140
285 630 425 671 Vane:
457 630 560 670 mihi
588 644 676 670 non
707 629 811 671 haec
840 630 1015 670 miserae
1046 644 1211 683 sperare
1242 630 1434 684 iubebas,

290 685 371 727 Sed
402 686 582 727 conubia
612 686 741 738 laeta,
774 685 846 725 sed
876 688 1044 738 optatos
1074 686 1350 738 hymenaeos:

290 741 405 790 Quae
436 743 586 782 cuncta
616 741 717 782 aerii
748 740 990 794 discerpunt
1019 741 1137 781 irrita
1166 742 1291 781 venti.

288 797 378 837 Iam
408 797 491 837 iam
521 797 638 837 nulla
666 796 756 836 viro
787 796 943 836 iuranti
972 796 1129 836 femina
1160 796 1319 850 credat,

287 852 419 894 Nulla
447 852 526 892 viri
555 854 694 905 speret
724 866 937 892 sermones
969 866 1058 892 esse
1088 852 1249 905 fideles3

205 915 268 947 145
287 907 389 956 Quis
411 907 510 948 dum
531 907 689 960 aliquid
711 907 881 960 cupiens
903 907 1065 947 animus
1088 908 1317 962 praegestit
1338 908 1482 962 apisci,

287 963 362 1004 Nil
392 965 586 1004 metuunt
614 963 768 1015 iurare,
800 962 907 1002 nihil
937 963 1181 1016 promittere
1212 966 1406 1016 parcunt:

290 1018 372 1060 Sed
403 1019 578 1059 simulac
608 1018 782 1071 cupidae
812 1019 966 1058 mentis
998 1018 1149 1059 satiata
1179 1018 1370 1072 libidost,

287 1073 413 1114 Dicta
441 1073 550 1114 nihil
579 1074 826 1126 meminere,
857 1073 963 1114 nihil
993 1074 1176 1128 periuria
1206 1077 1364 1115 curant.

291 1129 415 1171 Certe
447 1143 526 1184 ego
556 1131 598 1170 te
628 1129 673 1169 111
702 1129 839 1170 medio
870 1132 1106 1170 versantem
1137 1130 1304 1171 turbine
1335 1131 1408 1171 leti

206 1193 269 1224 150
284 1184 455 1239 Eripui,
487 1186 530 1225 et
557 1185 698 1238 potius
729 1199 975 1239 germanum
1007 1186 1198 1226 amittere
1230 1186 1359 1239 crevi,

288 1240 423 1288 Quam
452 1240 530 1281 tibi
560 1240 700 1281 fallaci
731 1254 925 1294 supremo
956 1241 1001 1280 in
1030 1243 1219 1294 tempore
1250 1241 1425 1283 dessem.

286 1296 369 1336 Pro
402 1309 483 1348 quo
516 1295 781 1337 dilaceranda
809 1296 908 1336 feris
940 1296 1070 1336 dabor
1101 1297 1352 1350 alitibusque

286 1351 467 1403 Praeda,
498 1365 634 1405 neque
663 1351 820 1391 iniecta
848 1352 1088 1392 tumulabor
1117 1355 1282 1393 mortua
1311 1354 1433 1394 terra.

288 1406 503 1455 Quaenam
532 1408 574 1447 te
604 1407 752 1461 genuit
780 1407 870 1447 sola
901 1407 977 1447 sub
1006 1422 1108 1461 rupe
1139 1408 1313 1449 leaena?

204 1470 267 1502 155
284 1462 406 1510 Quod
435 1476 550 1503 mare
581 1464 830 1516 conceptum
853 1464 1144 1516 spumantibus
1166 1463 1309 1517 expuit
1327 1463 1481 1504 undis?

288 1517 405 1566 Quae
436 1517 591 1571 Syrtis,
623 1531 729 1572 quae
751 1517 891 1572 Scylla
920 1532 1070 1572 rapax,
1103 1533 1206 1572 quae
1236 1521 1354 1560 vasta
1375 1518 1482 1561 Cha-

1007 1574 1180 1627 rybdis‘?

285 1629 406 1670 Talia
436 1629 506 1683 qui
535 1628 675 1670 reddis
704 1643 780 1683 pro
813 1629 924 1670 dulci
953 1630 1141 1683 praemia
1170 1630 1268 1671 vita.

287 1684 332 1726 Si
360 1684 439 1725 tibi
469 1698 557 1725 non
588 1684 703 1725 cordi
733 1685 900 1726 fuerant
929 1685 1109 1726 conubia
1138 1688 1305 1738 nostra,

287 1739 419 1781 Saeva
449 1740 561 1793 quod
590 1740 792 1781 horrebas
822 1740 950 1794 prisci
980 1743 1204 1795 praecepta
1233 1741 1439 1795 parentis,

203 1804 267 1834 160
282 1796 342 1836 At
370 1798 513 1836 tamen
542 1795 587 1836 in
616 1798 780 1836 vostras
810 1797 986 1849 potuisti
1017 1797 1166 1838 ducere
1197 1797 1334 1850 sedes,

286 1850 400 1899 Quae
429 1851 508 1892 tibi
537 1851 718 1892 iocundo
748 1851 974 1892 famularer
1004 1866 1121 1893 serva
1150 1853 1312 1905 labore,

286 1905 476 1948 Candida
505 1907 770 1960 permulcens
801 1907 972 1960 liquidis
1002 1908 1182 1962 vestigia
1212 1907 1395 1962 lymphis

283 1961 550 2016 Purpureave
580 1966 699 2003 tuum
729 1965 1003 2003 consternens
1032 1966 1148 2004 veste
1178 1964 1326 2004 cubile.

285 2016 368 2058 Sed
397 2017 497 2071 quid
527 2031 606 2071 ego
636 2017 796 2072 ignaris
821 2018 1075 2071 nequiquam
1104 2033 1336 2072 conqueror
1357 2019 1480 2073 auris,

202 2081 265 2112 165
282 2072 515 2114 Externata
544 2073 676 2125 malo,
708 2087 814 2126 quae
843 2073 970 2113 nullis
1001 2074 1192 2114 sensibus
1223 2077 1368 2115 auctae

284 2128 375 2169 Nec
404 2128 556 2168 missas
587 2128 729 2169 audire
760 2130 919 2182 queunt
948 2142 1026 2170 nec
1055 2129 1227 2170 reddere
1257 2130 1409 2171 voces?

285 2183 363 2224 Ille
394 2185 534 2224 autem
564 2197 695 2237 prope
724 2183 809 2224 iam
839 2184 988 2225 mediis
1017 2187 1205 2226 versatur
1233 2185 1279 2225 in
1307 2185 1451 2239 undis,

283 2238 375 2281 Nec
406 2239 627 2296 quisquam
657 2239 830 2296 adparet
858 2253 990 2281 vacua
1018 2240 1208 2281 mortalis
1238 2241 1283 2281 in
1313 2241 1421 2295 alga.
