1574 2692
257 114 313 157 74
744 117 1053 155 FRAGMENTA.

324 234 355 265 4.
402 223 440 282 [o
463 258 491 266 -
514 252 539 264 c
561 258 586 265 -
610 226 652 266 et
681 224 804 266 Lario
836 225 1048 266 inminens
1079 223 1286 283 Comum]

324 291 426 325 Haec
452 302 497 325 ex
517 290 596 325 cod.
613 290 717 325 Vibii
734 290 779 325 Se
783 290 940 334 questris
961 291 1069 341 [Mus.
1092 290 1183 325 Brit.
1202 291 1297 326 Add.
1314 291 1397 326 Mss.
1417 297 1536 336 16986,
1561 283 1574 338 ἣ

260 347 354 370 3333.
387 336 471 380 XV]
506 335 615 372 affert
644 301 832 377 Ellissiuqs,
871 335 974 369 cuius
1003 335 1086 379 ipsa
1119 336 1197 370 fere
1228 346 1374 380 appono
1405 338 1536 372 verba.
1571 355 1574 372 ι,

257 382 341 424 post
364 380 466 414 illa
475 381 512 414 in
539 379 746 414 athamatia
768 380 871 413 lacus
901 380 988 415 lune
1012 379 1141 414 tenuia
1172 380 1274 424 ligna
1299 381 1468 416 accendit
1492 393 1538 416 ex

258 436 330 467 quo
361 425 491 459 bibens
529 426 593 458 aut
630 424 768 458 insanit
805 425 871 458 aut
907 424 1072 468 sopitur’
1107 425 1184 469 [pg.
1219 429 1258 458 12
1286 424 1411 474 Burs.]
1445 426 1537 476 haec
1572 430 1574 470 ξ

257 437 372 504 liabet
407 470 501 503 liber
535 468 738 503 minoribus
769 468 904 502 litteris
940 471 1120 512 tanquam
1156 469 1365 512 perscripta
1399 470 1538 514 pagina
1572 472 1574 478 ’

258 514 402 555 addita,
439 513 620 548 incertum
652 524 699 546 an
737 512 783 546 ab
817 513 946 547 eadem
976 523 1104 547 manu:
1144 513 1246 548 lacus
1278 514 1363 557 (leg.
1393 513 1536 557 Larius)

259 558 377 597 Comi,
405 557 572 592 Catullus
597 559 636 591 et
659 559 696 591 L.
721 556 877 592 iminens
903 557 1096 600 (inminens
1113 557 1294 601 Ellissius)
1313 559 1350 593 C.
1367 577 1411 583 --
1436 558 1538 594 Haec
1572 567 1574 611 l

258 603 327 636 etsi
357 605 442 645 apte
475 601 714 651 hipponactei
742 604 887 645 partem
919 602 1123 651 complent,
1155 603 1280 636 tamen
1310 603 1463 652 propter
1493 614 1538 638 ea

257 658 352 690 quae
371 646 570 680 Bursianus
596 658 631 679 111
653 647 767 695 prael.
786 646 830 680 de
852 645 1039 680 codicibus
1056 645 1158 680 Vibii
1182 646 1355 681 disseruit
1397 652 1536 696 pg.1·..’;

258 692 301 726 cf.
327 692 374 725 et.
400 702 460 734 pg.
479 696 499 725 4
524 699 597 724 not.
617 690 672 734 ⁵2],
698 702 760 723 vix
791 689 893 724 aliud
918 700 1030 733 quam
1055 701 1099 725 ex
1125 695 1178 733 35,
1201 695 1223 725 4
1249 691 1327 725 Cat.
1353 702 1374 726 a
1424 692 1536 726 mter
1570 717 1572 721 .

256 706 447 785 polatfflloe
451 735 599 769 novello
624 735 711 768 ficta
736 745 812 769 esse
843 734 953 769 facile
984 734 1054 769 tibi
1084 734 1336 778 persuadebis.
1384 735 1432 770 Et
1459 736 1537 780 ipse

256 791 358 814 1111313
382 779 531 813 inclusit
553 779 733 813 Ellissius.

277 852 282 853 ⁷
323 850 353 881 5.
390 846 500 889 V·e1g.
527 856 653 889 georg.
676 845 729 888 ΙΙ,
756 849 814 880 95:
841 856 913 890 quo
937 846 975 880 te
1001 845 1161 880 carmine
1180 846 1318 889 dicam,
1342 846 1532 897 Rhaetica.
1569 850 1570 853 ’

258 891 316 925 Ad
341 902 436 934 quae
462 890 610 925 Servius
618 872 729 924 Dhaec⁷
757 890 913 924 adnotat
937 890 1053 924 113113
1078 901 1189 924 uvam
1216 890 1306 925 Cato
1337 891 1536 935 praecipue
1568 896 1570 909 ¹·

256 936 386 970 laudat
410 947 446 968 m
471 934 574 969 libris
599 945 691 977 quos
716 934 862 979 scriusit
886 935 933 969 ad
956 934 1090 976 filium3
1117 936 1246 969 contra
1263 935 1429 970 Catullus
1455 946 1537 970 eam

257 980 447 1029 vitupeiat
471 980 510 1014 et
533 979 623 1013 dicit
645 979 740 1013 nulli
763 979 818 1013 rei
849 990 926 1013 esse
952 980 1080 1023 aptam
1104 979 1333 1022 miratuique
1367 990 1431 1014 cur
1455 991 1537 1014 31111

257 1024 466 1059 laudaverit
488 1024 590 1059 Cato.
615 1024 731 1058 sciens
756 1034 844 1067 ergo
869 1025 1067 1067 utrumque
1085 1023 1273 1068 Vergilius
1297 1024 1460 1059 medium
1482 1026 1543 1059 te-

260 1069 341 1103 nuit
366 1069 506 1104 dicens:
532 1080 566 1113 q.
591 1069 616 1102 t.
643 1079 672 1103 c.
698 1069 751 1110 d„
776 1069 859 1102 Rh)

324 1140 354 1170 6.
389 1135 483 1169 Hinc
507 1135 696 1170 Theocriti
721 1135 820 1179 apud
838 1134 1015 1177 Graecos,
1041 1134 1179 1170 Catulli
1197 1135 1296 1185 apud
1319 1145 1385 1169 nos
1401 1145 1537 1180 proxu-

256 1191 388 1224 meque
418 1180 561 1224 Veigili
597 1180 958 1214 incantamentorum
995 1180 1176 1215 amatoria
1211 1179 1382 1214 imitatio.
1443 1180 1537 1215 Plin-

255 1228 330 1259 nat.
356 1225 440 1259 hist.
470 1207 644 1267 XXVIII,
673 1229 724 1259 19.

322 1298 355 1332 7.
401 1292 460 1333 sic
491 1306 566 1332 sua
594 1291 749 1333 lascivo
782 1293 992 1333 cantatast
1020 1305 1144 1346 saepe
1175 1291 1341 1334 Catullo

450 1347 629 1401 femina,
662 1348 728 1388 cui
757 1348 911 1388 falsum
940 1347 1092 1388 Lesbia
1121 1361 1278 1388 nomen
1307 1349 1417 1402 erat,

401 1417 473 1445 nec
503 1407 712 1445 contentus
740 1416 784 1445 eo
814 1403 962 1444 multos
990 1403 1170 1456 volyavzt
1198 1416 1374 1456 amores,

451 1461 500 1500 in
530 1460 678 1512 quibus
707 1460 794 1512 ipse
821 1472 944 1500 suum
971 1458 1113 1511 fassus
1142 1459 1443 1500 adulter-iamet.

322 1525 391 1560 Hic
416 1536 511 1568 quae
537 1525 698 1560 secundo
724 1525 881 1559 disticho
905 1524 1130 1568 produntur,
1157 1523 1360 1560 certissime
1385 1524 1536 1558 demon-

256 1571 374 1605 strant
399 1570 512 1605 etiam
538 1570 612 1604 alia
636 1580 748 1612 quam
765 1580 861 1612 quae
886 1569 997 1603 hodie
1023 1570 1153 1604 extant
1169 1569 1333 1603 carmina
1357 1569 1539 1603 amatoria

256 1626 324 1650 nec
349 1627 394 1666 ea
418 1615 526 1649 nimis
550 1625 672 1658 pauca
695 1614 733 1647 in
760 1613 896 1648 Catulli
920 1613 1016 1648 libro
1041 1613 1173 1658 legisse
1197 1614 1392 1648 Nasonem.

323 1686 354 1716 8.
392 1681 486 1715 Hinc
517 1681 631 1716 etiam
658 1681 823 1716 Catullus
851 1680 980 1715 cavere
1007 1679 1111 1715 dixit.
1158 1680 1260 1714 Serv.
1294 1680 1341 1714 ad
1370 1690 1450 1714 aen.
1476 1678 1538 1723 ΙΙΙ,

255 1730 332 1761 409.
369 1726 424 1760 ita
448 1726 600 1770 plurimi
625 1726 767 1761 fervere
791 1725 929 1761 lavere.

327 1797 357 1827 9.
395 1793 610 1827 Notandum
635 1803 721 1827 sane
748 1792 861 1827 etiam
886 1792 930 1826 de
955 1791 1054 1826 Iride
1087 1802 1212 1826 arcum
1237 1801 1372 1835 genere
1396 1801 1537 1825 mascu-

257 1837 331 1872 lino
358 1837 481 1872 dicere
506 1837 730 1881 Vergilium:
770 1836 937 1872 Catullus
963 1838 1000 1871 et
1024 1836 1089 1871 3111
1113 1847 1248 1880 geneie
1273 1834 1449 1870 feminino
1473 1846 1537 1878 po-

256 1884 350 1916 nunt
374 1883 576 1917 referentes
584 1866 649 1915 c’ad
674 1881 870 1926 originem,
896 1881 991 1916 sicut
1014 1881 1107 1916 haec
1113 1863 1221 1915 Attis
1245 1881 1283 1915 et
1299 1880 1391 1914 haec
1409 1879 1538 1914 Gallus

256 1927 425 1971 legimus.
474 1927 572 1963 Serv.
600 1926 648 1960 ad
673 1937 753 1961 aen.
779 1926 823 1969 V,
848 1909 924 1960 6⁷09.

324 1972 409 2005 Alia
450 1972 576 2005 autem
619 1971 804 2014 quaedam
847 1970 969 2005 aliena
1010 1980 1033 2004 a
1072 1969 1218 2005 Catullo
1261 1969 1303 2003 ut
1342 1968 1556 2012 parcamus

258 2015 408 2050 chartae
433 2015 493 2050 hic
518 2016 655 2050 addere
687 2026 759 2050 non
784 2016 910 2058 vacat,
942 2026 1025 2049 cum
1056 2013 1276 2057 praesertim
1299 2013 1400 2047 facili
1425 2023 1555 2058 opert,

258 2060 493 2094 inveniantur
518 2060 617 2104 apud
643 2060 879 2094 Schwabium
904 2071 930 2094 s.
954 2071 990 2094 n.
1009 2059 1088 2093 IIII.
1105 2058 1166 2093 VI.
1184 2057 1265 2092 VII.
1289 2057 1385 2091 XIII.
1427 2057 1536 2092 Prae

259 2105 362 2139 teiea
386 2104 547 2139 videnda
572 2115 667 2148 quae
693 2105 902 2139 notavimus
928 2104 975 2139 ad
999 2103 1133 2137 LXIIII
1159 2107 1221 2138 107
1248 2103 1286 2137 et
1309 2106 1385 2137 235.
